2819 4040
696 325 714 365 S.
729 326 832 375 Augustini
847 328 937 366 tractatus
1017 318 1019 321 ’

367 447 1298 505 omniaenimreddidistinobis.PromisistiChristumtreddi-

213 535 288 620 „ssssssssssss
295 533 357 612 21³3ss
366 529 441 583 disti.
463 529 619 584 promisisti
638 533 696 585 eius
715 548 830 600 crucem,
850 537 877 587 et
896 533 1070 586 tundendum
1089 535 1252 600 sanguinem
1271 535 1298 585 in

243 631 329 667 adnixu.
366 616 557 668 remissionem
576 618 760 682 peccatorum:
778 618 935 670 reddidisti.
955 615 1111 670 Promisisti
1129 618 1188 669 eius
1207 632 1298 669 ascen-

365 700 481 766 sionem,
495 701 568 753 etde
582 700 659 753 caelo
673 702 837 754 mittendum
851 703 977 769 spiritum
991 703 1126 753 sanctum:
1140 701 1329 754 reddidisti.7⁵

366 783 523 837 Promisisti
534 786 677 838 ecclesiam
686 787 747 838 toto
758 787 825 839 orbe
835 790 969 840 terrarum
980 785 1129 839 dit-tusam:
1140 785 1297 839 reddidisti.

366 866 523 921 Promisisti
544 869 654 923 tuturos
673 870 808 923 hereticos
829 872 865 924 ad
885 872 1107 925 exercitationem
1128 873 1250 923 nostram
1271 872 1298 923 et

365 953 558 1020 probationem
570 957 702 1020 nostram,
713 957 740 1007 ct
751 955 786 1008 de
798 955 909 1009 illorum
921 956 1060 1009 erroribus
1071 955 1202 1007 ecclesiae
1213 956 1297 1007 uicto·

364 1039 444 1091 riam:
457 1039 614 1092 reddidisti.
628 1037 785 1091 promisisti
794 1039 937 1093 abolenda
950 1039 1026 1093 idola
1038 1039 1193 1106 gentil-ium:
1206 1038 1297 1092 reddi-

364 1121 439 1175 disti.
466 1121 600 1175 Domine
622 1123 700 1186 deus
724 1125 845 1189 noster,
870 1140 977 1191 pacem
1001 1124 1040 1176 da
1063 1123 1168 1175 nobis:
1191 1123 1329 1176 omniaso

363 1206 444 1258 enirn
462 1206 638 1259 reddidisti
655 1205 757 1260 nobis

423 1296 447 1349 3.
467 1295 579 1349 Interim
595 1297 684 1349 donec
702 1297 737 1349 ad
754 1296 830 1349 illam
847 1313 942 1364 pacem
959 1298 1109 1363 ueniamus,
1128 1295 1173 1348 ubi
1191 1295 1296 1348 nullum

363 1379 471 1433 hostem
493 1380 664 1446 habebimus
685 1382 733 1433 diu
754 1383 781 1434 et
802 1381 927 1434 fideliter
948 1385 1112 1449 strenueque
1133 1396 1295 1448 pugnemus,

363 1467 392 1516 ut
407 1481 422 1516 a
435 1464 551 1518 domino
564 1464 617 1517 deo
631 1466 757 1518 coronari
772 1481 932 1519 mereamur.
947 1465 1102 1532 Apostolus
1117 1465 1232 1519 lacobus
1246 1466 1295 1517 ait:

364 1547 474 1615 Nem0,
492 1564 559 1602 cum
576 1551 738 1615 temtatur,
756 1550 843 1602 dicat
861 1551 1010 1616 quoniam
1028 1566 1043 1602 a
1060 1547 1120 1602 deo
1136 1550 1294 1602 temtatur.
1303 1564 1326 1600 ss

362 1632 566 1687 Temtationem
584 1635 658 1699 dicit,
676 1649 745 1701 quae
763 1636 805 1686 est
823 1633 858 1686 ad
876 1634 1073 1696 seductionem.
1093 1632 1180 1699 Deus
1198 1634 1294 1699 inquit,

363 1718 550 1770 intemtator
571 1718 725 1771 malorum
745 1720 805 1784 est,
828 1719 897 1784 ipse
919 1720 1021 1771 autem
1044 1719 1198 1770 neminem
1220 1720 1295 1770 tem·
1349 1746 1353 1757 ι

362 1802 1294 1868 tat;unusquisqueautemtemtaturaconcupiscentiasua

362 1884 543 1936 abstractus
559 1887 589 1936 et
605 1885 751 1937 inlectus
769 1882 850 1937 Dein
865 1886 1127 1951 concupiscentia
1142 1900 1209 1937 eum
1225 1901 1294 1937 con-

360 1969 492 2034 ceperit,
516 1969 601 2035 parit
622 1971 796 2034 peccatum,
820 1971 982 2035 peccatum
1006 1971 1109 2020 autem
1132 1983 1198 2021 cum
1221 1982 1325 2020 con-oo

361 2055 547 2105 summatum
567 2051 678 2118 fuerit,
697 2054 830 2119 generat
849 2055 989 2105 mortem.
1011 2051 1086 2118 Ergo
1105 2052 1293 2119 unusquisque

360 2137 490 2188 temtatur
501 2151 516 2188 a
527 2137 749 2202 concupiscentia
761 2150 821 2187 sua:
834 2136 898 2188 ideo
910 2138 1022 2202 pugnet,
1034 2137 1152 2200 resistat,
1164 2151 1219 2188 non
1230 2150 1293 2187 con·

360 2220 469 2284 sentiat,
485 2236 540 2272 non
556 2219 738 2286 pertrahatur,
755 2235 810 2271 non
826 2235 885 2271 eam
902 2221 1042 2285 permittat
1057 2220 1200 2285 concipere
1216 2218 1292 2285 quod

361 2305 457 2370 pariat.
472 2303 541 2356 Ecce
552 2303 695 2356 blanditur
705 2305 935 2370 concupiscentia,
949 2303 1080 2368 stimulat,
1094 2304 1186 2369 instat,
1198 2304 1292 2369 exigit,

360 2389 390 2439 ut
408 2387 473 2440 mali
492 2388 597 2454 aliquid
616 2387 715 2440 iacias:
735 2388 792 2439 noli
811 2388 974 2453 consentire,
994 2391 1020 2440 et
1038 2404 1093 2440 non
1111 2389 1238 2454 concipit.
1264 2385 1292 2439 Si
1300 2403 1324 2439 os

361 2470 478 2523 libenter
498 2472 673 2537 cogitaueriS,
693 2472 823 2538 concipit:
844 2473 940 2538 pariet,
961 2474 991 2523 ut
1010 2473 1040 2523 tu
1060 2472 1196 2524 moriaris.
1222 2470 1292 2523 Vide

361 2557 437 2622 quod
456 2557 493 2607 ait
511 2555 667 2622 apostolus:
687 2554 853 2607 Peccatum
871 2570 937 2606 cum
955 2557 1206 2607 consummatum
1224 2554 1292 2607 lue-

207 2649 259 2686 Pusu
269 2640 412 2705 saudinerit,
425 2641 557 2705 generat
569 2642 710 2692 mortem.
731 2637 818 2691 Dulce
832 2642 874 2691 est
887 2641 1035 2705 peccatum,
1049 2638 1098 2691 sed
1112 2655 1186 2690 mors
1200 2654 1292 2691 amara

211 2698 345 2777 wnssssnlfflffm'
359 2725 413 2776 est:
432 2738 498 2776 caue
516 2725 618 2790 peccati
638 2723 821 2789 dulcedinem,
842 2739 875 2775 ne
895 2725 992 2775 mortis
1011 2724 1114 2776 sentias
1134 2723 1292 2776 amaritudi-

359 2822 432 2860 nem:
452 2822 518 2860 caue
535 2808 794 2874 concupiscentiam,
814 2809 841 2859 et
860 2809 883 2860 si
904 2824 958 2860 non
979 2808 1014 2860 ad
1034 2808 1146 2874 factum,
1165 2811 1237 2860 certe
1256 2807 1291 2860 ad
1301 2825 1336 2861 roo

358 2892 482 2945 uerbum.
507 2891 596 2944 Audis
619 2891 724 2958 aliquid
748 2892 873 2957 libenter,
898 2892 974 2958 quod
998 2908 1053 2944 non
1078 2892 1163 2944 debes
1187 2891 1291 2958 audire,

357 2977 426 3029 dicis
445 2977 520 3043 quod
536 2992 591 3029 non
608 2976 693 3029 debes
711 2976 810 3041 dicere,
827 2976 933 3042 cogitas
950 2974 1026 3041 quod
1042 2991 1098 3027 non
1115 2974 1200 3027 debes
1217 2975 1290 3040 cogi-

356 3064 423 3115 tare,
449 3060 525 3112 Nihil
541 3061 710 3127 cogitatione
727 3060 858 3125 uelocius,
877 3060 935 3111 alas
953 3058 1128 3110 incredibiles
1145 3058 1238 3110 habet:
1256 3058 1290 3110 de

356 3144 441 3197 corde
456 3160 485 3196 se
499 3146 608 3210 excutit,
623 3147 650 3196 et
665 3145 788 3211 linguam
802 3145 913 3197 transit:
928 3143 1030 3196 malum
1045 3145 1108 3196 ante
1123 3158 1203 3210 quam
1218 3143 1290 3195 clica-

356 3231 408 3294 tur,
424 3229 570 3294 cogitatur.
587 3227 652 3279 Noli
669 3228 706 3280 ibi
722 3232 803 3282 stare.
820 3227 956 3294 Obrepsit
969 3228 1114 3294 cogitatio:
1130 3226 1201 3278 uade
1216 3226 1289 3293 inde,
1300 3240 1333 3277 105

357 3328 440 3380 perge
461 3312 537 3378 alibi,
557 3312 614 3363 noli
634 3312 672 3364 ibi
693 3313 841 3365 immorari.
864 3310 928 3365 Non
948 3312 1076 3378 disponis
1096 3310 1167 3362 male
1186 3310 1289 3363 tacere:

357 3411 440 3463 quare
460 3395 577 3448 libenter
595 3397 710 3462 cogitas
730 3396 805 3462 quod
825 3411 880 3448 non
900 3396 942 3447 uis
962 3394 1073 3448 tacere?
1099 3392 1208 3446 Fratres
1227 3395 1289 3460 mei,

357 3515 407 3567 loo
