2819 4040
467 309 517 349 xiil.
530 307 560 348 De
573 310 638 358 quinta
651 310 698 350 ieria
710 310 797 351 Paschae
811 311 827 349 1.

183 455 266 508 quare
286 441 417 494 dominus
438 439 520 508 Jesus
540 438 669 493 Christus
687 441 795 494 mulieri
815 438 896 492 fideli
917 436 1060 506 quaerenti
1081 434 1117 488 ad

152 533 282 592 rocorpus
300 525 408 578 domini
426 524 468 576 sui
486 523 638 591 peruenire,
657 526 732 593 quod
750 527 778 578 in
796 526 974 578 monumento
993 522 1117 589 positum

182 624 238 662 non
257 610 349 677 potuit
368 609 501 675 inuenire,
522 607 630 676 dixerit,
650 608 724 663 Noli
746 624 791 661 me
810 611 953 677 tangere,
974 605 1116 661 nondum

181 694 262 746 enim
277 692 408 746 ascendi
422 692 461 745 ad
476 694 596 759 patrem
610 709 716 748 meum.
736 692 764 747 Si
779 695 852 747 enim
866 709 895 746 se
909 693 986 759 tangi
1001 689 1116 744 nolebat

181 779 328 844 antequam
342 776 515 830 ascendisset
529 776 564 829 ad
578 781 691 846 patrem,
704 779 828 832 nondum
842 779 936 845 utique
951 773 1115 830 ascenderat

181 862 217 914 ad
231 864 346 929 patrem,
360 860 473 928 quando
487 861 631 927 discipulis
646 863 762 929 dicebat,
776 862 890 916 Videte
905 876 1013 914 manus
1027 875 1113 913 meas

150 948 210 998 iser
225 946 324 1012 pedes
340 961 438 1010 meos;
454 945 585 1012 palpate
600 949 630 1000 et
645 947 761 1001 uidete.
777 945 868 1012 Tangi
884 961 913 997 se
929 944 1049 1010 nolebat,
1066 944 1112 1011 qui

180 1030 287 1097 palpari
300 1030 422 1084 uolebat.
439 1029 507 1083 lnde
519 1029 554 1083 iit
567 1033 692 1098 quaestio
703 1032 798 1099 utique
811 1030 958 1083 soluenda:
971 1046 1026 1083 non
1039 1030 1112 1082 enim

180 1115 326 1182 quisquam
343 1115 434 1168 dicere
451 1115 566 1182 audiuit,
583 1115 608 1170 Α
625 1119 692 1170 uiris
709 1133 739 1170 se
755 1117 833 1182 tangi
850 1114 947 1180 uoluit,
965 1117 1111 1181 antequam

179 1199 351 1251 ascendisset
371 1199 407 1252 ad
426 1201 544 1266 patrem;
565 1201 724 1254 mulieribus
746 1202 836 1253 autem
856 1201 921 1251 tunc
941 1213 970 1249 se
990 1200 1111 1251 seruauit

177 1283 357 1349 tangendum,
379 1297 440 1336 cum
463 1284 633 1337 ascendisset
656 1285 691 1337 ad
712 1287 827 1351 patrem.
856 1280 928 1334 Cum
952 1281 1110 1334 ascenderet

145 1377 170 1414 2⁰
178 1368 214 1420 ad
232 1370 348 1435 patrem,
366 1368 411 1420 uel
430 1383 491 1420 cunr
510 1369 680 1422 ascendisset
699 1369 735 1421 ad
754 1369 869 1435 patrem,
890 1367 950 1433 quis
970 1381 1030 1418 eum
1049 1368 1110 1418 teti-

176 1452 236 1518 git?
256 1450 334 1504 Tunc
354 1467 384 1504 se
404 1453 526 1505 seruauit
546 1453 715 1519 tangendum
737 1450 908 1515 mulieribus,
929 1448 1040 1515 quando
1061 1465 1109 1502 nec

176 1553 192 1588 a
213 1538 281 1589 uiris
302 1539 380 1604 tangi
402 1539 558 1604 potuisset?
586 1538 621 1591 Et
641 1542 734 1592 tamen
756 1538 870 1604 propter
891 1535 1032 1587 caritatem
1054 1550 1109 1587 non

176 1621 267 1674 solum
284 1622 417 1689 tangebat
433 1638 495 1676 eum
513 1621 612 1676 Saulus
629 1624 797 1690 persecutor,
814 1620 865 1672 sed
882 1620 964 1672 etiam
982 1618 1110 1671 uastabat

176 1706 203 1757 in
220 1707 300 1772 terra,
317 1706 430 1773 quando
446 1707 482 1759 de
497 1707 574 1760 caelo
589 1707 708 1772 dicebat,
724 1704 832 1771 Saule,
849 1702 955 1769 Saule,
973 1703 1048 1770 quid
1064 1719 1109 1755 me

144 1791 399 1857 25persequeris?
426 1789 563 1843 Dominus
582 1793 656 1844 enim
675 1789 805 1843 Christus
824 1790 852 1841 et
871 1788 908 1840 ibi
928 1790 971 1840 est
990 1787 1026 1840 ad
1044 1787 1109 1840 dex-

174 1876 260 1926 teram
279 1876 375 1941 patris,
394 1877 421 1927 et
439 1875 482 1928 hic
500 1875 609 1928 laborat
627 1876 654 1927 in
672 1875 765 1927 terris:
791 1873 829 1925 ibi
848 1875 897 1941 est,
917 1872 1027 1924 sedhic
1046 1874 1109 1924 sunt

174 1958 307 2011 membra:
320 1958 358 2010 ibi
370 1961 470 2026 estqui
483 1960 653 2012 iudicaturus
665 1961 708 2011 est
718 1959 800 2011 uiuos
812 1959 839 2009 et
851 1959 984 2023 mortuos
997 1958 1024 2009 et
1035 1956 1109 2009 idem

174 2044 233 2109 ipse
246 2043 289 2095 hic
302 2046 345 2095 est
358 2044 386 2095 in
399 2045 465 2109 suis,
479 2044 514 2096 de
528 2043 628 2110 quibus
642 2043 766 2095 dicturus
780 2043 830 2107 est,
845 2040 924 2094 Cum
937 2042 990 2093 uni
1004 2057 1040 2093 ex
1053 2042 1108 2093 mi·

174 2127 266 2179 nimis
284 2128 362 2179 meis
379 2126 520 2193 fecistis,
538 2126 614 2179 milii
632 2125 769 2180 fecistis.
794 2124 870 2189 Quid
888 2127 930 2178 est
947 2141 1021 2192 ergo,
1040 2124 1107 2178 Noli

141 2220 215 2262 some
238 2213 360 2278 tangere,
384 2211 508 2264 nondum
533 2213 605 2263 enim
628 2211 740 2264 ascendi
764 2210 800 2264 ad
823 2211 948 2277 patrem?
977 2209 1106 2263 Christus

173 2294 271 2347 melius
293 2296 416 2362 tangitur
436 2295 497 2348 lide
519 2310 601 2362 quam
623 2311 715 2349 carne:
738 2295 798 2348 lide
820 2295 962 2349 Christum
984 2299 1106 2362 tangere,
1129 2310 1241 2341 encaustae

172 2378 223 2431 hoc
237 2381 279 2431 est
291 2381 413 2446 tangere.
436 2378 562 2446 Denique
577 2379 625 2432 illa
639 2379 744 2445 mulier,
758 2394 828 2447 quae
842 2380 949 2432 iluxum
963 2381 1106 2446 sanguinis
1149 2359 1220 2396 'mm‘

172 2463 335 2529 patiebatur,
352 2465 467 2515 accessit
482 2478 543 2516 cum
559 2463 627 2530 lide,
643 2466 670 2517 et
685 2458 697 2534 ΙΙ
713 2465 805 2531 tetigit
820 2479 903 2516 manu
917 2466 1031 2530 uestem,
1047 2463 1146 2517 lidefol.
1162 2474 1182 2511 rr

172 2547 352 2600 maiestatem.
385 2546 421 2599 Et
441 2547 535 2600 uidete
559 2548 626 2614 quid
650 2550 692 2600 est
714 2549 836 2614 tangere.
867 2547 944 2599 Tunc
967 2548 1105 2613 dominus,

139 2631 217 2696 asqui
239 2647 254 2683 a
270 2631 359 2683 turbis
377 2631 618 2698 comprimebatur,
637 2631 672 2684 ab
689 2647 744 2684 una
760 2631 934 2697 tangebatur.
959 2630 1008 2684 Ait
1025 2632 1105 2696 enim,

172 2711 250 2776 Quis
272 2729 319 2766 me
340 2715 469 2780 tetigit?
496 2714 634 2768 Admirati
656 2714 794 2782 discipuli,
816 2716 880 2782 quia
900 2716 1024 2782 undique
1044 2731 1105 2769 eum

171 2797 321 2850 multitudo
337 2798 536 2865 conprimebat,
553 2799 767 2866 responderunt:
791 2798 918 2852 Turbae
933 2802 964 2852 te
980 2802 1105 2867 conpri-

171 2883 268 2947 munt,
288 2882 319 2933 et
337 2881 431 2948 dicis,
451 2879 533 2948 Quis
552 2898 597 2934 me
616 2883 745 2948 tetigit?
772 2881 810 2935 Et
830 2882 897 2949 ille,
917 2882 1040 2950 Tetigit
1059 2899 1104 2936 me

171 2965 298 3032 aliquis,
322 2963 395 3017 Nam
411 2966 434 3017 si
451 2967 479 3018 te
495 2965 592 3018 turbae
609 2967 744 3032 premunt,
762 2981 818 3018 non
835 2968 964 3032 tangunt:
988 2966 1104 3018 undele

138 3050 269 3116 roteligit,
289 3049 342 3101 nisi
362 3050 426 3116 quia
444 3049 582 3103 credidit?

229 3133 255 3186 2.
267 3132 307 3185 'Et
319 3132 413 3198 modo,
428 3132 529 3185 fratres
543 3134 605 3199 mei,
620 3135 646 3185 in
660 3132 738 3185 caelo
752 3135 794 3185 est
809 3133 895 3187 lesus
910 3131 1032 3196 Quando
1046 3136 1104 3186 erat

170 3219 233 3270 ante
247 3216 409 3284 discipulos,
423 3217 575 3269 secundum
589 3216 729 3269 uisibilem
742 3232 861 3284 carnem,
876 3218 1025 3271 secundum
1038 3233 1103 3269 con·

169 3301 340 3355 trectabilem
359 3301 542 3354 substantiam
559 3300 741 3367 corporalem,
760 3304 788 3353 et
805 3303 882 3355 uisus
900 3304 950 3367 est,
969 3303 996 3354 et
1013 3303 1103 3353 tactus

169 3388 222 3452 est;
246 3386 332 3439 modo
350 3388 440 3440 autem
457 3400 519 3438 cum
536 3385 632 3438 sedeat
649 3385 685 3438 ad
703 3385 844 3439 dexteram
863 3388 958 3453 patris
976 3387 1036 3453 quis
1055 3403 1103 3439 no-

166 3503 189 3539 4*
1070 3505 1100 3557 51
