2819 4040
647 343 665 383 S.
680 345 783 394 Augustini
797 345 888 385 tractatus

318 466 367 520 sed
379 482 495 521 mecum:
506 468 587 521 simul
600 468 754 536 audiamus
766 469 847 523 simul
859 471 886 522 in
897 485 951 522 una
962 468 1056 522 schola
1066 469 1249 538 condiscipuli

317 551 352 604 ab
368 568 425 605 uno
441 554 576 621 magistro
592 552 707 607 Christo
724 554 872 623 discamus
888 556 965 608 cuius
981 554 1110 607 cathedra
1126 555 1191 607 ideo
1207 557 1250 608 est
1332 556 1334 559 ’

316 637 344 688 in
359 637 445 704 caelo,
460 639 524 705 quia
538 639 615 705 prius
630 654 696 691 crux
710 638 765 692 luit
780 642 808 693 in
822 644 902 694 terra.
925 639 1099 692 Humilitatis
1115 638 1161 691 ille
1174 639 1249 692 niam

315 721 422 775 docuit:
437 722 609 775 descendens
624 738 796 790 ascensurus
810 726 928 778 uisitans
942 738 991 776 eos
1006 724 1052 790 qui
1067 724 1094 775 in
1109 724 1165 775 imo
1180 723 1248 776 iace·

315 804 390 871 bant,
402 807 429 857 e't
440 805 552 858 eleuans
565 821 614 859 eos
627 807 673 873 qui
685 806 739 859 sibi
750 808 897 861 cohaerere
908 806 1048 861 uolebant.
1258 818 1292 856 135

375 897 399 950 5;
419 895 545 965 Denique
562 898 659 950 auditu
675 897 884 952 euidentissime
901 899 1019 966 percipe.
1037 896 1102 950 Duo
1118 897 1247 965 discipuli

315 981 373 1033 eius
391 980 502 1047 fratres,
519 981 574 1034 filii
592 981 713 1035 Zebedei
734 981 871 1037 lohannes
889 986 916 1037 et
935 982 1050 1036 lacobus
1067 997 1133 1049 prae
1149 984 1247 1034 ceteris

314 1063 389 1117 illius
406 1064 604 1119 sublimitatem
620 1067 825 1134 concupierunt,
842 1070 870 1120 et
885 1083 933 1135 per
949 1069 1063 1120 matrem
1080 1081 1167 1132 suam,
1183 1068 1247 1133 quia

313 1148 367 1215 ipsi
380 1148 646 1215 uerecundabantur,
655 1150 784 1203 dixerunt
794 1151 827 1217 ei,
836 1152 925 1218 ipsam
939 1152 1117 1216 inmittentes,
1126 1164 1195 1217 quae
1206 1149 1246 1202 di-

313 1235 385 1285 ceret
398 1232 509 1286 illorum
523 1233 674 1287 desideria:
690 1232 832 1300 Domine,
846 1235 924 1301 dixit,
939 1235 989 1288 lac
1002 1237 1035 1288 ut
1047 1234 1133 1291 <in>
1145 1247 1245 1300 regno
1256 1244 1291 1282 no

313 1318 368 1369 tuo
383 1332 464 1370 unus
481 1317 575 1370 iilius
591 1332 676 1370 meus
693 1318 805 1371 sedeat
821 1318 859 1371 ad
875 1319 1038 1372 dexteram
1053 1321 1148 1383 tuam,
1165 1317 1247 1370 alter

314 1400 352 1452 ad
369 1402 544 1454 sinistram.
562 1400 599 1454 Et
614 1401 744 1455 dominus
762 1401 798 1454 ad
815 1401 889 1469 tuos,
906 1419 962 1456 non
979 1402 1015 1455 ad
1032 1402 1118 1455 illam:
1137 1401 1246 1455 Nesci-

312 1485 354 1536 tis
375 1485 452 1551 quid
471 1487 599 1552 petatis.
621 1485 657 1538 Et
677 1486 788 1539 adiecit:
810 1485 954 1540 Potestis
974 1486 1084 1539 bibere
1103 1485 1244 1552 calicem,

312 1582 402 1634 quem
414 1584 474 1635 ego
486 1568 648 1621 bibiturus
661 1569 747 1622 sum?
759 1567 851 1635 Quem
863 1569 984 1635 calicem,
997 1570 1050 1621 nisi
1063 1570 1098 1622 de
1111 1584 1166 1636 quo
1178 1569 1245 1620 dicit

312 1653 503 1719 propinquans
520 1654 655 1720 passioni:
674 1652 779 1719 Pater,
796 1654 822 1705 si
841 1653 916 1706 fieri
934 1655 1052 1720 potest,
1069 1654 1213 1706 transeat
1229 1669 1288 1706 ans

311 1751 357 1787 me
374 1736 459 1789 calix
475 1737 556 1790 iste?
580 1736 710 1802 Potestis
728 1738 825 1804 inquit,
844 1737 938 1789 bibere
955 1737 1075 1802 calicem,
1093 1751 1173 1803 quem
1190 1751 1244 1802 ego

310 1819 448 1872 bibiturus
471 1821 551 1873 sum?
573 1820 608 1873 Et
630 1821 670 1872 illi
692 1822 832 1886 continu0,
856 1821 931 1874 auidi
953 1820 1140 1887 sublimitatis
1162 1819 1242 1873 obliti

311 1904 495 1958 infirmitatis:
517 1904 703 1972 Possumus,
723 1908 858 1973 inquiunt.
880 1905 915 1959 Et
935 1906 993 1959 ille:
1014 1904 1156 1959 Calicem
1176 1907 1243 1972 qui-

310 1989 379 2041 dem
395 2004 494 2041 meum
509 1989 640 2042 bibetis:
657 1989 769 2042 sedere
786 1993 888 2043 autem
905 1990 944 2042 ad
958 1990 1122 2042 dexteram
1136 1989 1188 2042 uel
1204 1989 1243 2042 ad

310 2073 475 2126 sinistram
495 2090 592 2126 meam
611 2090 673 2127 non
692 2077 740 2126 est
759 2090 858 2127 meum
877 2074 953 2127 dare
971 2073 1077 2138 uobis3
1097 2075 1170 2127 aliis
1189 2086 1287 2141 pa-rso

219 2164 251 2202 iol.
267 2159 410 2210 1⁵⁹ratum
424 2160 473 2210 est
485 2175 501 2210 a
514 2160 604 2224 patre
618 2174 694 2211 meo,
706 2154 717 2227 ΙΙ
732 2156 843 2224 Quibus
858 2159 983 2225 paratum
996 2160 1046 2223 est,
1060 2158 1084 2209 si
1094 2157 1241 2223 discipulis

309 2258 364 2294 non
382 2244 508 2308 paratum
525 2242 586 2295 est?
602 2240 659 2308 Qui
677 2242 733 2294 illic
750 2242 895 2308 sedebunt,
912 2243 935 2294 si
953 2242 1074 2309 apostoli
1091 2257 1146 2295 non
1164 2240 1241 2294 sede-

308 2326 396 2379 bunt?
413 2324 484 2378 nnis
501 2328 627 2392 paratum
644 2328 694 2393 est,
712 2341 768 2379 non
786 2326 867 2379 uobis
884 2329 1009 2393 paratum
1026 2328 1079 2379 est:
1096 2326 1167 2391 aliis,
1185 2341 1241 2378 non

308 2411 444 2477 superbis
458 2411 493 2463 Et
503 2412 572 2464 bene
583 2412 680 2478 etipse
691 2411 873 2464 humilitatem
883 2411 1047 2477 praetendit,
1058 2425 1118 2463 cum
1128 2410 1240 2475 diceret,

307 2493 392 2547 Aliis
409 2497 553 2561 paratum
569 2497 617 2547 est
633 2512 648 2547 a
664 2498 754 2562 patre
770 2511 849 2559 me03
865 2510 926 2547 cum
941 2495 1035 2561 utique
1051 2495 1110 2561 ipse
1126 2510 1240 2561 praepa·
1250 2507 1284 2542 155

307 2580 388 2644 raret,
406 2594 421 2630 a
437 2580 515 2644 patre
532 2594 583 2631 suo
600 2578 671 2630 dixit
688 2579 858 2645 praeparari:
876 2594 909 2630 ne
926 2578 1011 2630 ethic
1028 2592 1162 2644 arrogans
1178 2592 1239 2630 esse

306 2662 455 2728 uideretur,
473 2665 499 2714 et
515 2678 571 2714 non
588 2661 750 2715 aedificaret
767 2662 803 2714 ad
820 2661 1011 2727 humilitatem,
1028 2665 1239 2728 propterquam

307 2747 360 2797 ista
378 2746 472 2798 omnia
490 2745 662 2812 loquebatur.
682 2744 779 2812 Neque
797 2747 870 2797 enim
889 2746 967 2812 parat
985 2747 1071 2812 pater,
1090 2744 1165 2811 quod
1184 2760 1239 2797 non

213 2865 265 2886 1011st
306 2832 385 2896 parat
400 2829 487 2895 tilius
502 2832 548 2882 aut
562 2831 640 2897 parat
654 2829 733 2881 iilius
748 2829 824 2896 quod
839 2846 894 2882 non
908 2830 987 2896 parat
1001 2830 1089 2895 pater:
1104 2829 1239 2895 cumipse

194 2914 226 2934 '‘⁸¹'‘
245 2914 259 2934 ⁰·
305 2913 387 2979 dicat,
403 2912 471 2979 Ego
484 2916 514 2965 et
527 2916 617 2980 pater
630 2929 723 2966 unum
738 2928 857 2978 sumus3
871 2914 930 2980 ipse
943 2913 1026 2965 etiam
1039 2912 1120 2978 dicat,
1135 2910 1283 2975 Quae-10⁰

303 3013 435 3064 cumque
450 2999 541 3063 pater
554 2997 644 3063 tacit,
659 2998 735 3049 baec
749 2997 857 3049 eadem
873 3000 903 3049 et
917 2996 1010 3049 lilius
1025 2997 1176 3049 similiter
1190 2995 1237 3048 ia-

302 3083 351 3134 cit.
383 3080 490 3134 Doctor
512 3081 674 3134 humilitatis
698 3096 825 3134 sermone
848 3083 874 3134 et
896 3097 991 3148 opere:
1015 3096 1141 3133 sermone
1163 3080 1236 3132 enim

303 3181 411 3232 semper
425 3165 459 3218 ab
473 3166 552 3217 initio
565 3167 705 3218 creaturae
719 3180 868 3231 numquam
881 3165 973 3230 tacuit,
987 3180 1037 3231 per
1049 3163 1174 3231 angelos,
1187 3178 1236 3230 per

302 3249 461 3317 prophetas
474 3249 573 3301 docere
584 3248 722 3302 bominem
734 3248 928 3313 bumilitatem;
940 3248 1039 3301 docere
1051 3248 1182 3316 dignatus
1194 3248 1236 3299 est

301 3334 384 3386 etiam
405 3332 533 3399 exemplo
554 3348 613 3386 suo.
641 3333 722 3386 Venit
743 3331 854 3385 humilis
876 3334 983 3385 creator
1004 3334 1106 3397 noster,
1127 3332 1278 3384 creatusms

300 3418 371 3469 inter
384 3433 446 3470 nos:
460 3418 505 3484 qui
519 3416 585 3470 tecit
598 3433 657 3483 nos
671 3418 716 3484 qui
730 3416 820 3469 tactus
833 3418 875 3469 est
887 3418 1000 3483 propter
1013 3431 1076 3469 nos:
1089 3415 1158 3467 deus
1171 3417 1234 3468 ante

302 3535 352 3588 146
