2819 4040
658 295 677 335 S.
691 295 797 346 Augustini
809 298 902 337 tractatus

357 421 430 463 turum
441 431 466 461 50
477 431 526 462 0550
537 431 582 462 non
594 418 730 474 0106111131,
743 420 776 464 13.

357 492 396 543 30;
419 490 523 546 superbia
541 493 564 535 et
582 488 777 546 curiositate'pec·

356 564 415 606 cauit
424 563 458 618 31,
470 564 508 615 20;
524 564 602 620 genuit
612 576 660 616 nos,
670 576 714 606 non
725 575 777 618 qua-

356 636 382 680 lis
402 638 485 679 creatus
509 639 562 692 erat,
578 637 620 680 sed
637 636 708 692 qualis
726 649 776 693 pec-

356 708 427 751 cando
445 708 516 752 lactus
533 708 605 752 lucrat
621 709 654 764 31,
664 709 698 752 31.

327 782 458 826 adiutorium
480 783 521 826 Dei
542 783 570 826 ad
590 782 775 827 contemnendam

355 858 447 899 mortem
468 857 616 900 necessarium
636 857 775 911 31,125ss;

356 941 397 972 nec
409 930 483 972 tamen
496 929 591 972 hominis
604 930 704 972 meritum
718 928 775 972 tollit

354 1002 388 1055 31,
408 1002 449 1045 156
466 1014 500 1053 ss;
531 1003 555 1044 ut
573 1001 613 1044 iiat
630 1000 690 1056 quod
707 1000 775 1055 iubet,

355 1075 445 1128 rogetur
468 1074 535 1129 Deus,
557 1075 579 1117 01
601 1073 690 1117 adiuuat
713 1073 773 1116 Deus

353 1147 450 1199 33177.

324 1216 450 1262 adulatores
461 1219 531 1273 magis
542 1218 640 1274 timendi,
651 1230 717 1273 quarn
728 1224 773 1261 1110-

353 1290 417 1334 ledici
429 1293 463 1345 32,
477 1293 517 1335 253
527 1304 558 1335 ss.
636 1300 639 1315 ’

324 1364 452 1406 aeternitas:
468 1362 517 1406 leue
533 1365 566 1406 est
579 1375 646 1406 omne
661 1375 711 1406 cum
727 1361 771 1405 iine

353 1435 491 1490 supplicium,
503 1434 540 1478 ubi
551 1436 598 1479 sine
609 1435 654 1478 tine
665 1435 772 1490 promitti-

352 1509 387 1550 tur
406 1507 527 1562 praemium
548 1508 644 1563 24,100;
671 1509 772 1550 aeternus

353 1579 453 1623 Christus
467 1582 489 1623 et
502 1593 543 1623 nos
558 1582 659 1623 aeternos
673 1580 771 1622 tacturus

268 1688 269 1691 ,
352 1653 392 1706 051,
406 1665 451 1695 non
465 1654 516 1707 quia
528 1665 616 1707 semper
628 1653 717 1706 iuimuS,
730 1652 770 1695 sed

352 1724 403 1779 quia
417 1737 505 1779 semper
519 1726 600 1768 erimus
614 1726 647 1775 14,
662 1726 695 1768 89.

322 1797 406 1840 Africa:
418 1797 569 1852 apostolorum
580 1810 649 1840 sonus
659 1808 730 1852 usque
742 1796 770 1840 ad

352 1882 400 1925 nos,
412 1870 482 1924 quiin
495 1870 568 1913 Africa
579 1870 645 1925 longe
658 1869 769 1913 constituti

351 1955 444 1998 eramus,
468 1943 535 1986 exiuit
557 1943 590 1995 23,
612 1944 651 1993 94;
683 1941 768 1984 Africae

351 2016 423 2069 caput,
442 2015 554 2070 Carthago
572 2015 605 2067 26,
623 2015 661 2065 513
682 2014 768 2057 hiricae

351 2099 364 2129 a
377 2086 482 2129 Vandalis
495 2089 571 2141 captae
585 2086 718 2129 calamitates
731 2085 768 2128 de-

350 2158 474 2202 scribuntur
489 2159 508 2201 Α
522 2161 541 2213 9,
558 2160 634 2202 12755.

320 2245 402 2287 agnus:
426 2245 507 2287 magna
528 2234 550 2274 in
572 2244 631 2287 agno
653 2231 766 2285 tortitudo,

349 2305 466 2348 crucifixus
479 2307 513 2348 est
525 2317 602 2360 agnus,
616 2306 638 2348 et
650 2305 719 2347 uictus
732 2305 767 2348 est

347 2376 383 2420 leo
401 2378 433 2431 16,
449 2378 483 2420 37.

318 2448 414 2504 agricola
427 2450 508 2503 noster,
523 2448 583 2491 Deus
597 2448 706 2501 1,28555;
720 2446 766 2500 Α3,

346 2523 380 2565 59.

318 2593 410 2636 Alleluia
423 2593 512 2648 quando
524 2592 631 2646 audimus,
643 2592 706 2648 quasi
719 2603 765 2634 mu·

345 2667 405 2708 tatur
429 2665 517 2719 spiritus
542 2666 561 2719 8,
580 2666 618 2716 46;
649 2675 698 2708 cum
723 2673 766 2718 qua

345 2737 480 2781 iucunditate
498 2736 560 2791 redit,
578 2749 627 2779 cum
645 2748 689 2791 quo
707 2735 764 2779 desi-

344 2809 406 2852 derio
425 2808 523 2852 abscedit
540 2811 559 2863 8,
577 2811 610 2852 57.

315 2881 426 2925 altarium:
445 2893 564 2935 numquam
582 2881 610 2924 ab
627 2881 703 2924 altario
720 2880 763 2923 dis-

345 2953 402 2997 cedit
415 2954 525 3008 passionis
538 2941 697 2996 sacramentum
711 2954 730 3006 2,
742 2953 762 2996 4.

314 3025 473 3068 Ambrosianus
489 3024 584 3079 hymnus
599 3024 763 3080 ,Apostolorum

343 3100 427 3154 passio‘
449 3099 609 3154 abhugustino
630 3110 763 3142 commemo·

343 3174 403 3215 ratur
416 3173 450 3226 23,
465 3173 484 3216 2.

314 3244 426 3288 ambulent
448 3246 472 3287 ut
493 3243 538 3287 duo
557 3243 629 3298 simul,
651 3243 726 3287 tardus
749 3256 761 3286 a

342 3317 419 3361 ueloce
430 3318 559 3372 expectetur
568 3318 656 3372 oportet
668 3317 701 3371 15,
714 3316 760 3360 101.

312 3389 398 3444 ,hmen‘
410 3389 433 3432 in
445 3389 489 3433 iine
501 3390 632 3433 tractatuum
646 3402 659 3432 a
671 3400 761 3443 compo-

311 3495 365 3550 226

845 421 913 465 511010
929 419 1043 463 homilian'i
1060 420 1158 464 additum
1175 423 1194 476 1,
1210 424 1263 474 303;

847 494 866 545 Α
879 495 900 549 3,
914 494 953 545 75;
980 492 1050 537 Amen
1064 493 1198 549 respondent
1211 493 1265 537 iide-

844 567 884 623 les,
914 579 939 609 ac
960 567 978 609 si
1000 566 1144 621 subscribant,
1173 567 1262 622 quando

845 639 926 683 Christi
940 651 1019 694 corpus
1032 640 1140 695 accipiunt
1153 641 1172 695 7,
1185 641 1220 684 42.

814 712 909 756 amicus:
925 713 986 755 tanta
1001 714 1035 755 051
1050 712 1174 768 ignorantia
1190 711 1262 755 cordis

845 785 914 828 nostri
935 786 956 827 in
978 785 1078 838 inuicem,
1098 785 1123 827 ut
1144 784 1261 839 aliquando

844 857 966 901 nescientes
979 856 1135 912 amplectamur
1146 857 1263 912 inimicum,

843 930 960 973 timeamus
980 930 1072 972 amicum
1093 929 1183 984 12,138.

815 1012 887 1045 amor:
906 1002 1001 1045 amando
1018 1014 1073 1045 oues
1090 1002 1183 1045 ostende
1202 1013 1262 1044 anro-

842 1086 888 1117 rem
917 1076 938 1117 te
959 1073 1039 1118 trabere
1061 1074 1155 1129 pastoris
1178 1074 1210 1128 16,
1223 1075 1262 1126 30;

843 1146 871 1189 cf.
888 1148 922 1200 32,
939 1148 991 1199 103;
1005 1147 1025 1190 51
1042 1148 1100 1190 amet
1115 1148 1137 1190 te
1152 1145 1260 1199 Christus,

842 1219 881 1261 tibi
901 1219 998 1274 prodest,
1017 1232 1062 1262 non
1081 1219 1180 1262 Christo:
1200 1220 1222 1261 01
1241 1219 1260 1261 51

843 1304 904 1335 ames
918 1292 1036 1348 Christum,
1050 1292 1089 1335 tibi
1103 1292 1200 1347 prodest,
1214 1303 1259 1335 non

841 1363 930 1407 Christo
952 1365 1036 1419 16,10;
1063 1364 1090 1408 01.
1112 1365 1145 1418 17,
1158 1365 1197 1415 723
1223 1363 1261 1418 qui

842 1436 905 1478 nouit
922 1448 1002 1491 amare,
1020 1449 1059 1491 pro
1077 1448 1105 1479 00
1123 1435 1190 1491 quod¹
1201 1437 1259 1478 amat

840 1508 916 1550 omnia
926 1508 1011 1563 perpeti
1021 1510 1095 1562 potest
1105 1509 1139 1562 30,
1152 1508 1189 1560 10;
1199 1499 1259 1563 'elige

842 1592 945 1634 amorem,
958 1580 980 1622 in
993 1592 1037 1635 quo
1049 1581 1177 1623 innocenter
1187 1580 1257 1634 uiuas,

839 1664 928 1695 securus
945 1653 1044 1695 moriaris
1061 1652 1138 1707 30,19.

810 1724 939 1779 angelorum
962 1725 1030 1767 uitam
1054 1724 1177 1779 meditatur,
1200 1724 1258 1779 quis·

840 1797 888 1851 quis
904 1795 992 1840 assidue
1007 1797 1073 1840 utitur
1086 1797 1167 1851 uigiliis
1183 1798 1202 1851 5,
1217 1798 1256 1848 70;

839 1869 923 1926 angelis
945 1869 993 1923 Dei,
1013 1882 1058 1912 non
1079 1869 1139 1922 Deo,
1155 1869 1256 1912 homines

838 1941 924 1984 iuturos
938 1942 1070 1996 promissum
1084 1943 1165 1996 05111,
1179 1943 1218 1993 50;
1231 1944 1256 1984 ut

838 2013 930 2068 angelus
949 2014 1058 2068 efficiaris,
1077 2014 1150 2067 homo,
1168 2015 1256 2068 abnega

836 2087 865 2139 10,
876 2086 981 2130 confitere
993 2086 1064 2129 Deum
1076 2088 1109 2139 27,
1118 2087 1156 2137 53;
1168 2085 1257 2141 angelo-

837 2171 884 2201 rum
899 2159 936 2213 qui
950 2158 1074 2202 ceciderunt
1086 2159 1158 2201 locum
1172 2160 1194 2201 in
1207 2171 1255 2201 cae·

836 2229 862 2273 115
874 2230 975 2274 homines
986 2230 1108 2285 implebunt
1121 2232 1153 2285 12,
1166 2232 1204 2282 433
1217 2231 1254 2285 qui

837 2304 909 2346 minor
928 2306 962 2347 est
980 2305 1002 2346 in
1022 2303 1112 2360 angelis,
1132 2303 1202 2347 maior
1220 2305 1255 2346 est

836 2375 939 2419 omnibus
956 2375 1081 2419 hominibus
1099 2377 1133 2430 22,
1143 2377 1182 2427 88;
1205 2375 1256 2418 mali

837 2450 919 2501 auctor,
930 2447 1022 2502 angelus
1032 2448 1140 2503 superbus
1148 2447 1167 2490 Α
1174 2449 1193 2501 4,
1202 2449 1254 2499 154;

837 2519 921 2574 angelis
958 2519 1125 2574 protegentibus
1162 2518 1254 2563 ecclesia

835 2591 957 2635 custoditur
974 2591 993 2633 Α
1010 2592 1149 2646 2,122.196;
1178 2603 1256 2634 sumus

835 2664 857 2705 01
877 2675 918 2706 nos
939 2663 1010 2718 angeli
1031 2663 1079 2717 Dei,
1100 2663 1189 2718 quando
1208 2663 1254 2705 eius

835 2735 928 2779 iacimus
941 2736 1078 2779 uoluntatem
1094 2735 1113 2778 Α
1126 2737 1147 2790 4,
1163 2737 1208 2778 166.
1258 2731 1260 2735 ⁴

804 2806 916 2850 hnnanias
940 2807 1005 2851 latine
1027 2808 1182 2862 interpretatur
1202 2807 1251 2849 ouis

834 2881 867 2935 24,
879 2881 912 2924 58.

804 2953 854 2995 anni
868 2952 950 2995 homini
963 2952 1073 3008 recedunt,
1086 2962 1132 2996 non
1145 2952 1251 2996 accedunt

833 3025 912 3079 12,77;
927 3026 961 3079 30,
969 3026 1001 3069 26.

803 3096 923 3152 antiphona
950 3105 1116 3152 nonnumquam
1142 3110 1171 3141 ex
1196 3097 1250 3140 anti·

832 3170 908 3223 quiore
917 3171 1020 3213 uersione
1029 3170 1171 3225 psalmorum,
1180 3171 1205 3212 ut
1215 3171 1249 3222 33,

832 3243 870 3285 11:
884 3242 911 3285 01.
926 3242 1020 3285 Praeiat.
1033 3242 1094 3284 XXV
1100 3255 1133 3296 sq.

801 3313 945 3369 Apocalypsis
975 3313 1039 3356 lectio
1068 3314 1090 3356 in
1111 3313 1248 3359 „ascensione

830 3385 918 3429 Domini
940 3386 1013 3441 21‚26.
