2819 4040
536 397 611 470 DE
638 398 914 475 SYMBOLO

405 545 533 611 postolus
548 543 625 595 dicit:
647 543 726 611 Erit,
740 548 842 599 omnis
857 547 908 613 qui
923 543 1124 599 inuocauerit
1139 559 1192 597 no-

415 644 482 686 men
497 628 619 680 domini
634 629 742 683 saluus
756 633 823 684 erit.
844 630 889 683 Ad
904 633 985 684 istam
1000 631 1117 684 salutem
1132 643 1190 681 cur-

413 714 481 779 ritis,
499 714 544 779 qui
560 714 672 765 nomina
687 718 777 767 uestra
793 715 910 768 dedistis
926 715 962 768 ad
977 715 1069 781 baptis
1081 710 1092 784 ΙΙ
1103 727 1188 765 mum:
1198 731 1231 768 fol.
1243 732 1267 768 24

238 809 249 843 5

414 799 540 862 salutem,
554 813 609 849 non
622 800 699 863 parui
713 801 852 865 temporis,
867 799 916 852 sed
930 800 1046 851 aeterni:
1062 799 1188 863 salutem,

259 897 328 948 quae
345 883 459 934 nonest
476 883 557 934 nobis
574 882 772 951 pecoribusque
788 886 949 949 communis,
967 899 1055 950 neque
1071 884 1188 937 homini-

258 961 309 1012 bus
324 965 406 1018 bonis
420 967 447 1017 et
460 965 549 1018 malis.
567 965 674 1019 Videtis
689 969 768 1033 enim,
783 969 926 1021 etcertum
941 969 983 1019 est
996 968 1125 1019 omnibus
1141 983 1188 1019 no·

258 1044 309 1107 his,
328 1051 459 1115 quoniam
476 1050 551 1102 salus
569 1053 720 1116 praesentis
737 1053 879 1117 temporis,
897 1067 948 1117 pro
966 1066 1019 1117 qua
1035 1051 1188 1103 obtinenda

258 1130 301 1180 uel
319 1133 474 1200 reparanda
491 1133 606 1186 multum
623 1135 747 1188 homines
766 1135 901 1199 laborant,
919 1151 975 1187 non
992 1134 1044 1186 soli
1062 1135 1187 1186 homines

228 1229 250 1265 10
258 1219 368 1286 habent,
385 1221 435 1272 sed
455 1218 530 1271 etiam
549 1236 656 1286 pecora,
674 1238 773 1288 magna
788 1224 815 1274 et
831 1236 927 1288 parua:
949 1237 964 1271 a
979 1219 1145 1271 draconibus
1162 1221 1188 1270 et

257 1304 387 1356 elefantis
404 1304 543 1371 usquead
560 1321 666 1357 muscas
683 1309 709 1358 et
726 1305 891 1358 uermiculos
908 1303 1048 1370 pertendit
1063 1304 1130 1355 haec
1146 1321 1187 1356 sa-

258 1385 308 1435 lus.
328 1387 437 1440 Deinde
451 1390 504 1455 ipsi
518 1390 644 1442 homines
658 1390 760 1442 habent
774 1391 854 1442 istam
869 1388 995 1453 salutem,
1010 1389 1037 1439 et
1051 1388 1097 1454 qui
1111 1388 1187 1439 inuo-

255 1472 318 1522 cant
329 1472 411 1524 deum
422 1474 449 1524 et
460 1474 506 1539 qui
517 1472 711 1539 blasphemant
721 1474 815 1537 deum3
829 1471 903 1524 unde
915 1471 982 1522 dicit
994 1473 1103 1522 sanctus
1115 1471 1187 1537 psal-

256 1570 328 1607 mus:
347 1555 502 1609 Homines
515 1560 548 1609 et
562 1559 700 1611 iumenta
714 1559 822 1610 saluos
837 1558 939 1609 facies
952 1557 1091 1622 domine,
1106 1557 1218 1629 sicutu
1231 1576 1270 1606 sun
1286 1576 1338 1611 aaa

226 1640 472 1707 ismultiplicata
494 1645 542 1695 est
562 1644 783 1695 misericordia
804 1645 857 1694 tua
879 1641 969 1704 deus;
995 1640 1061 1692 tilii
1084 1625 1338 1708 autemffs‘ssfssocs‘ss‘ffl

255 1724 416 1777 hominum
433 1726 490 1777 sub
507 1728 644 1792 tegmine
662 1727 781 1779 alarum
798 1728 921 1778 tuarum
938 1725 1122 1791 sperabunt.
1140 1721 1186 1776 Sa·
1231 1721 1299 1752 ‘'llll'-

256 1807 297 1859 lus
314 1823 380 1874 ergo
395 1810 448 1860 ista
463 1826 511 1875 per
526 1810 705 1877 multiplicem
720 1808 937 1862 misericordiam
952 1808 997 1860 dei
1013 1807 1138 1872 peruenit
1152 1807 1188 1857 ad

255 1893 375 1943 extrema
390 1893 531 1945 animalia:
549 1892 603 1945 lilii
619 1896 709 1946 autem
724 1893 874 1957 hominum,
889 1894 935 1958 qui
950 1891 1089 1957 pertinent
1104 1889 1139 1942 ad
1154 1891 1187 1942 ii-

255 1975 320 2026 lium
339 1975 468 2042 hominis,
486 1977 674 2044 subtegmine
693 1978 797 2030 alarum
814 1979 923 2028 tuarum
941 1975 1100 2041 sperabunt.
1126 1974 1187 2027 llos

223 2073 246 2110 ao
255 2058 372 2111 tacimus
384 2060 411 2110 in
421 2058 470 2112 hac
479 2061 548 2111 uita:
560 2060 645 2113 modo
656 2076 807 2126 speramus
818 2059 893 2126 quod
904 2062 1002 2125 postea
1014 2060 1187 2124 accipiamus.

255 2142 291 2193 lit
307 2143 374 2208 quid
389 2145 526 2209 promittit
541 2145 600 2210 ipse
616 2144 759 2210 psalmus?
777 2143 1026 2195 Inebriabuntur
1042 2142 1078 2194 ab
1095 2142 1185 2194 uber-

253 2228 319 2277 tate
342 2227 455 2279 domus
476 2230 560 2293 tuae,
583 2230 613 2280 et
634 2230 777 2280 torrente
799 2228 980 2293 uoluptatis
1002 2229 1074 2279 tuae
1097 2229 1186 2292 pota-

253 2310 302 2362 bis
323 2327 389 2363 eos:
413 2313 560 2377 quoniam
581 2312 664 2378 apud
684 2313 713 2364 te
734 2313 782 2363 est
802 2312 875 2363 tons
895 2312 990 2362 uitae.
1018 2309 1093 2362 Fons
1113 2309 1185 2361 uitae

253 2393 382 2446 Christus
397 2396 449 2446 est:
463 2397 493 2446 ut
506 2393 592 2448 modo
605 2395 639 2447 de
653 2394 703 2448 illo
717 2395 822 2460 aliquid
835 2396 1018 2461 gustaremus,
1033 2393 1116 2446 homo
1130 2393 1185 2445 fae-

220 2494 243 2530 25
252 2478 295 2528 tus
310 2479 363 2540 est;
377 2480 503 2530 seruatur
516 2479 607 2529 autem
622 2477 702 2530 nobis
716 2479 775 2530 eius
788 2478 908 2542 ubertas,
924 2492 993 2543 quae
1007 2478 1090 2528 satiat
1104 2492 1185 2543 ange-

252 2560 294 2612 los
310 2565 337 2611 et
349 2562 443 2612 omnia
456 2560 586 2613 caelestia
601 2562 760 2613 ministeria.
781 2559 836 2613 Sed
850 2560 901 2612 hoc
916 2562 1025 2627 postea:
1040 2559 1125 2612 modo
1140 2575 1185 2611 au·

251 2646 314 2708 tem,
336 2646 366 2696 ut
386 2644 422 2696 ad
443 2644 513 2696 illud
535 2646 678 2710 peruenire
700 2646 848 2711 possimuS,
870 2644 952 2695 deum
975 2645 1134 2696 inuoccmus
1155 2646 1185 2695 ut

251 2727 321 2778 salui
334 2730 428 2793 simuS,
438 2729 589 2781 secundum
599 2730 757 2795 apostolum
769 2731 814 2795 qui
825 2729 906 2781 dixit:
938 2725 1033 2780 Omnis
1051 2726 1093 2795 qui
1114 2725 1184 2778 inuo-

250 2814 353 2864 cauerit
379 2829 480 2865 nomen
505 2813 620 2879 domini,
647 2814 741 2866 saluus
768 2814 826 2866 erit.
861 2812 1001 2879 Propheta
1027 2813 1078 2865 hoc
1104 2815 1184 2866 antea

218 2916 242 2952 30
251 2896 368 2947 dixerat:
389 2896 439 2947 sed
456 2895 559 2948 Paulus
576 2897 721 2963 apostolus
739 2897 808 2948 dixit
824 2897 909 2949 modo
926 2898 1059 2950 transisse
1075 2900 1183 2963 tempus

251 2981 363 3046 quando
379 2981 516 3046 inpleatur
531 2981 607 3047 quod
622 2982 753 3046 scriptum
769 2983 818 3045 est,
834 2980 935 3034 Omnis
952 2982 998 3048 qui
1015 2981 1183 3034 inuocauerit

250 3080 350 3116 nomen
371 3064 485 3129 domini,
505 3064 600 3116 saluus
619 3065 678 3116 erit.
718 3062 767 3114 lam
786 3064 843 3116 dixi
864 3080 918 3131 qua
937 3064 1035 3128 salute,
1056 3081 1090 3116 ne
1103 3064 1181 3116 'torte

250 3147 335 3199 modo
351 3148 461 3199 dicatis:
475 3146 570 3213 Quare
585 3150 612 3200 ct
627 3149 787 3200 inuocantes
803 3164 903 3200 nomen
919 3148 1025 3200 domini
1041 3164 1096 3200 non
1112 3148 1181 3199 salui

250 3231 333 3283 sunt?
357 3230 457 3283 Saluus
476 3232 534 3283 erit.
561 3230 670 3283 Deinde
690 3232 816 3285 adiunxit
834 3233 894 3298 ipse
913 3232 1070 3300 apostolus:
1095 3230 1182 3298 Quo-

217 3316 344 3373 35mod0
364 3318 467 3368 autem
486 3315 692 3380 inuncabunt‚
713 3317 742 3367 in
763 3330 853 3381 quem
873 3333 934 3368 non
953 3316 1181 3369 crediderunt?

249 3397 1180 3466 autquomodocredunt,quemnonaudieruntPQuomodo

247 3533 261 3566 Si
271 3533 352 3572 Augustini
362 3534 439 3564 tractatus.
472 3531 478 3565 1
1168 3519 1175 3569 Ῑ
