2819 4040
186 3061 274 3091 Dochinain

158 3110 224 3146 episcopi
232 3109 302 3146 populus,

185 3167 215 3188 non
226 3159 274 3188 malos

164 3215 213 3237 mores
225 3208 296 3237 ahenum.

643 305 662 343 S.
676 305 780 353 Augustini
794 306 885 344 tractatus

314 428 375 479 tire:
388 427 454 493 quid
465 427 632 494 quandoque
643 427 762 494 iuturus,
773 430 846 481 unde
857 428 934 481 scio?
944 426 1096 490 Quomodo
1107 442 1290 493 praesum-275

314 512 349 562 sit
359 509 464 577 Petrus,
477 514 503 564 et
511 511 717 564 demonstratus
729 514 772 564 est
782 512 835 564 sibi
845 512 953 576 Petrus;
966 526 1047 577 aeger
1057 526 1087 563 se
1098 511 1245 578 nesciebat,

314 594 364 645 sed
378 594 513 646 medicum
526 610 581 646 non
595 594 706 647 latebat.
726 593 814 662 Dixit,
829 596 1001 662 praesumsit,
1016 609 1099 647 ausus
1112 597 1154 647 est
1166 594 1247 660 poili-

313 679 379 730 ceri:
399 677 513 730 Tecum
529 694 628 745 usque
646 678 683 731 ad
701 681 841 733 mortem.
866 679 1009 732 Animam
1026 694 1123 730 meam
1139 694 1197 744 pro
1216 681 1246 730 te

314 778 436 828 ponam.
460 761 495 814 Et
509 762 555 815 ilie
570 762 692 814 medicus
706 777 805 815 uenam
819 765 912 817 cordis
926 764 1085 829 inspiciens:
1103 761 1246 814 Animam

314 848 409 911 tuam,
422 847 642 912 inquit,prome
653 846 766 913 ponis?
782 845 1044 911 Amendicotihi,
1055 846 1144 912 prius
1156 857 1290 911 quamzso

313 929 419 996 gallus
432 932 550 997 cantet,
563 933 611 983 ter
624 946 670 983 me
684 930 828 998 negabis

372 1021 397 1074 9.
413 1019 551 1074 Dominus
563 1022 655 1088 itaque
668 1023 797 1089 praestet,
815 1020 1055 1079 a<d>iuuantibus
1068 1036 1116 1073 nos
1129 1017 1246 1073 orationi·

314 1106 365 1157 bus
377 1107 490 1173 uestriS,
505 1109 532 1158 et
546 1107 598 1159 hoc
613 1122 664 1159 nos
680 1122 749 1172 esse,
765 1109 792 1159 et
807 1108 858 1160 hoc
873 1123 960 1175 usque
976 1109 1003 1160 in
1018 1106 1105 1159 finem
1120 1121 1246 1172 perseue-

314 1205 382 1256 rare,
400 1191 476 1256 quod
491 1206 543 1243 nos
559 1190 644 1243 uultis
661 1207 731 1256 esse,
747 1207 844 1244 omnes
861 1193 907 1259 qui
924 1192 1004 1244 nohis
1021 1192 1090 1243 hene
1106 1190 1199 1257 uultis,
1220 1192 1247 1242 et

314 1273 390 1340 quod
402 1289 453 1326 nos
463 1274 524 1327 uult
535 1290 595 1326 esse
607 1274 662 1340 iiie,
675 1276 721 1341 qui
732 1290 783 1327 nos
794 1277 906 1328 uocauit
917 1277 943 1327 et
955 1276 1045 1328 iussit:
1063 1274 1176 1327 adiuuet
1195 1290 1245 1327 nos
1254 1290 1290 1327 285

314 1358 428 1424 implere
446 1359 522 1425 quod
538 1359 627 1412 iussit.
651 1357 706 1411 Sed
724 1359 936 1426 qualescumque
954 1374 1056 1424 sumne,
1074 1374 1138 1425 spes
1154 1361 1247 1411 uestra

314 1458 369 1495 non
392 1443 428 1494 sit
448 1443 475 1495 in
497 1442 587 1495 nohis.
615 1442 686 1495 Mihi
709 1443 824 1509 derogo,
846 1446 876 1496 ut
896 1444 1043 1510 episcopus
1064 1443 1115 1495 hoc
1136 1443 1245 1509 loquar:

313 1526 435 1594 gaudere
454 1527 489 1579 de
506 1527 588 1580 uobis
607 1527 683 1593 uolo,
703 1543 758 1580 non
778 1527 881 1580 iniiari.
907 1525 1031 1580 Omnino
1050 1541 1246 1593 quemcumque

314 1612 446 1663 inuenero
461 1627 538 1677 spem
551 1612 699 1677 ponentem
714 1612 740 1662 in
756 1626 807 1676 me,
822 1627 878 1663 non
893 1610 932 1662 iiii
946 1610 1082 1677 gratulor:
1100 1610 1246 1662 emendan-

313 1695 366 1746 dus
388 1697 438 1759 est,
459 1711 515 1747 non
536 1693 704 1747 firmandus:
732 1695 881 1747 mutandus
903 1697 953 1761 est,
976 1710 1031 1746 non
1052 1693 1244 1748 stabiliendus.
1253 1705 1289 1743 200

313 1777 341 1831 Si
362 1794 475 1831 monere
494 1795 550 1831 non
570 1794 693 1846 possum,
714 1779 810 1844 doieo;
835 1780 857 1831 si
879 1780 969 1831 autem
990 1794 1101 1831 monere
1121 1793 1245 1845 possum,

312 1864 366 1915 iam
380 1879 435 1915 non
447 1862 539 1916 doie0.
559 1861 634 1916 Sicut
646 1863 731 1916 modo
744 1865 772 1915 in
785 1864 895 1915 nomine
908 1861 1013 1915 Christi
1028 1861 1127 1929 loquor
1139 1863 1245 1929 populo

312 1947 365 2013 dei,
382 1947 482 2014 loquor
497 1948 524 1999 in
539 1948 654 2000 ecclesia
669 1948 723 2013 dei,
740 1949 839 2014 loquor
854 1947 1060 2014 qualiscumque
1076 1961 1172 1999 seruus
1187 1946 1244 1998 dei:

312 2047 375 2097 spes
391 2034 484 2083 uestra
499 2047 554 2083 non
570 2033 607 2083 sit
621 2033 648 2083 in
664 2031 754 2097 nohis,
771 2047 834 2098 spes
849 2034 942 2085 uestra
958 2047 1013 2083 non
1029 2031 1065 2082 sit
1085 2031 1113 2082 in
1128 2030 1245 2082 homini-

312 2116 372 2168 bus.
394 2114 464 2168 Boni
481 2131 584 2181 sumne,
601 2116 719 2168 ministri
736 2131 842 2180 sumus;
862 2116 927 2168 maii
944 2130 1047 2181 sumus,
1064 2115 1182 2166 ministri
1202 2127 1288 2166 su-ms

312 2214 381 2252 mus
402 2196 457 2252 Sed
474 2199 549 2265 boni,
567 2199 669 2251 fideles
687 2200 814 2265 ministri,
832 2215 896 2252 uere
913 2199 1040 2251 ministri.
1063 2196 1150 2264 Quod
1167 2197 1241 2250 mini-

311 2286 439 2348 stramus,
455 2284 601 2336 attendite:
618 2285 641 2336 si
657 2285 778 2349 esuritis,
793 2286 820 2335 et
836 2285 936 2351 ingrati
952 2299 1012 2335 esse
1029 2300 1084 2336 non
1099 2283 1192 2348 uultis,
1208 2282 1243 2334 de

311 2369 388 2420 cuius
412 2368 525 2420 cellario
547 2368 706 2434 proferatur
730 2368 874 2421 aduertite.
906 2367 936 2419 in
961 2367 1035 2433 quali
1058 2366 1170 2419 uascuio
1193 2366 1244 2419 tihi

312 2454 440 2519 ponatur,
459 2453 534 2519 quod
550 2455 580 2504 tu
593 2452 696 2516 ,auidus
714 2468 743 2503 es
760 2453 912 2517 comedere,
931 2468 985 2503 non
1004 2451 1039 2502 ad
1055 2453 1082 2503 te
1100 2451 1243 2518 pertineat.

313 2536 346 2588 in
362 2552 474 2603 magna
488 2537 583 2588 domo
598 2538 684 2603 patris
700 2536 830 2602 familias,
847 2552 907 2588 non
922 2537 1043 2588 tantum
1058 2551 1135 2587 uasa
1150 2549 1288 2587 aureaaoo

311 2623 341 2673 et
364 2623 527 2687 argentea,
549 2621 604 2672 sed
626 2623 656 2672 et
678 2621 799 2673 fictilia
822 2622 903 2673 sunt.
931 2619 1101 2687 Argenteum
1122 2635 1172 2672 uas
1194 2622 1243 2686 est,

312 2719 423 2756 aureum
447 2719 496 2756 uas
518 2707 568 2770 est,
593 2703 679 2756 fictile
702 2720 752 2756 uas
776 2705 829 2756 est:
858 2707 887 2755 tu
909 2706 1000 2756 utrum
1022 2703 1122 2756 haheat
1145 2719 1244 2770 panem

311 2788 432 2854 attende,
454 2790 481 2840 et
501 2789 577 2847 cuius
600 2790 652 2840 iste
673 2789 710 2840 sit
731 2790 819 2855 panis
842 2803 899 2855 quo
921 2787 1043 2840 donante
1065 2788 1243 2840 ministretur.

313 2873 407 2939 ipsum
428 2873 571 2938 aduertite,
595 2874 630 2925 de
651 2889 705 2939 quo
726 2873 834 2939 loquor,
858 2888 913 2939 quo
932 2873 1054 2925 donante
1075 2872 1245 2924 ministratur

312 2957 354 3009 hic
372 2958 461 3023 panis.
486 2956 547 3024 ipse
564 2959 606 3009 est
622 2958 713 3023 panis:
739 2956 806 3023 Ego
823 2972 890 3008 sum
907 2958 999 3022 panis
1015 2958 1120 3021 uiuus,
1138 2955 1190 3022 qui
1207 2955 1287 3008 deaos

311 3042 401 3094 caelo
426 3042 586 3094 descendi.
615 3042 808 3094 Ministramus
832 3057 899 3108 ergo
922 3042 1002 3093 uobis
1028 3039 1171 3093 Christum
1195 3054 1245 3106 pro

312 3125 435 3191 Christ0,
454 3126 544 3192 ipsum
561 3125 611 3177 suh
628 3127 702 3192 ips03
722 3128 752 3177 ut
769 3127 828 3192 ipse
845 3125 881 3177 ad
897 3140 948 3177 uos
965 3125 1115 3190 perueniat,
1133 3124 1193 3190 ipse
1209 3123 1245 3175 sit

311 3209 394 3262 iudex
408 3210 554 3261 ministerii
568 3211 664 3263 nostri.
686 3209 757 3261 Nam
772 3211 795 3262 si
811 3209 856 3262 fur
869 3211 912 3261 est
925 3211 1081 3276 episcopus
1096 3223 1244 3273 numquam

311 3294 361 3346 tihi
382 3295 505 3346 dicturus
524 3297 566 3346 est
585 3294 619 3346 de
639 3294 741 3346 exedra
761 3296 822 3360 ista,
844 3294 899 3346 Fac
918 3294 1034 3357 furtum;
1057 3293 1107 3345 sed
1127 3308 1182 3345 non
1202 3295 1244 3345 est

310 3379 361 3431 tibi
378 3381 500 3432 dicturus
518 3380 579 3445 nisi,
597 3378 663 3431 Noli
680 3378 770 3432 iacere
788 3379 901 3431 turtum.
925 3379 987 3431 Hoc
1003 3379 1075 3431 enim
1092 3378 1189 3444 accipit
1209 3377 1243 3429 de
1251 3389 1287 3427 aro

313 3498 362 3551 150
