2819 4040
544 370 642 411 Praelatio

157 509 213 555 XIV.
232 509 246 553 i.
265 498 308 552 21⁸¹
322 507 418 551 Credere
434 515 476 547 nos
493 505 515 546 in
532 504 598 547 deum
615 506 698 560 patrem
715 505 888 562 omnipotentem
906 504 1062 548 uniuersorum

185 583 305 626 creatorem
319 590 394 633 regem
410 575 546 619 saeculorum
560 612 565 621 .
578 578 714 622 inmortalem
730 579 751 621 et
764 577 895 622 inuisibilem
910 611 915 621 .
930 609 935 620 .
950 609 954 618 .
969 574 1063 620 EXPLI-

187 655 236 697 C1T
249 651 350 698 TRACT
364 685 368 695 .
384 649 424 692 DF.
436 647 577 692 SVMBOLO
590 681 595 693 .

186 743 282 797 Sermo
296 739 446 807 Augustini
460 741 597 806 genuinus
612 741 672 794 215.
693 739 779 804 Quod
794 742 885 794 autem
899 740 942 792 hic
956 738 1061 805 absque

126 829 208 882 titulo
224 827 294 879 etin
311 823 403 877 media
418 822 536 891 periodo
552 826 606 878 n2
622 826 725 893 incipit,
741 824 934 892 archetypone‚
950 823 994 876 cui
1010 823 1061 875 ini-

127 915 195 965 tium
211 909 341 974 defuerit,
358 924 392 960 au
409 908 556 974 antiquarii
571 911 733 963 oscitantiae
749 908 941 975 inputandam,
957 907 1060 960 nescio.

157 1035 203 1081 xv.
222 1034 237 1078 f.
257 1023 300 1077 23v
315 1033 425 1076 rucrrrr
444 1033 622 1079 rxncrnrus
640 1036 680 1078 oe
698 1032 839 1077 srnssoro
853 1066 858 1076 .
872 1033 991 1087 Apostolus
1009 1032 1061 1077 aicit

186 1107 226 1150 erit
248 1106 320 1149 omnis
343 1107 380 1160 qui
403 1105 537 1150 inuocauerit
559 1120 639 1150 nomen
660 1107 746 1150 domini
768 1105 844 1148 saluus
867 1106 907 1148 erit
920 1140 925 1150 .
940 1105 973 1147 Ad
996 1106 1063 1149 istam,

186 1178 278 1221 salutem
300 1178 383 1231 curritis
398 1214 403 1224 .
417 1212 422 1222 .
437 1203 441 1220 =
455 1178 583 1233 Symbolum
606 1182 640 1223 est
662 1192 716 1236 ergo
737 1178 835 1221 breuiter
856 1177 963 1231 conplexa
984 1176 1061 1233 regula

186 1250 278 1295 fidei...
290 1252 313 1296 in
325 1249 371 1293 nde
383 1263 428 1294 non
441 1247 1045 1296 emeramen.Expu,tRAC.DEsYnB÷0LO.1111
1055 1282 1059 1291 .

187 1345 334 1414 permagni
345 1362 412 1400 sane
422 1348 611 1400 aestimandus
622 1348 677 1400 iste
685 1361 785 1412 sermo,
797 1360 827 1397 ac
835 1343 921 1396 ueluti
930 1342 1059 1410 ineditus,

127 1431 189 1483 licet
200 1430 346 1483 maximam
356 1432 463 1497 partem
474 1446 535 1484 cum
543 1429 694 1498 Augustini
706 1443 834 1482 sermone
842 1427 895 1481 213
905 1429 1060 1481 conueniat.

126 1513 198 1567 Nam
219 1513 254 1566 de
273 1513 325 1567 hoc
345 1517 373 1567 et
390 1513 524 1567 Maurini:
544 1514 586 1582 ,in
607 1514 690 1568 editis
710 1514 827 1578 tantum,
849 1511 984 1578 inquiunt,
1005 1527 1059 1563 ser-

126 1613 235 1650 monem
248 1596 319 1650 hunc
331 1598 462 1664 uidimus,
476 1614 532 1651 non
545 1600 573 1651 in
586 1595 804 1664 manuscriptis‘3
819 1611 850 1648 ac
862 1598 958 1648 nostra
972 1598 1061 1648 aetate

126 1696 242 1747 magnus
254 1680 301 1733 ille
312 1681 477 1735 christianae
488 1683 660 1750 antiquitatis
672 1682 858 1748 inuestigator
867 1678 899 1735 C.
907 1677 1061 1746 RCaspari

126 1766 236 1817 nonnisi
250 1781 334 1818 unum
348 1766 471 1819 codicem
485 1768 513 1819 in
527 1782 582 1834 quo
597 1768 719 1819 exstaret
732 1765 846 1830 inuenit,
861 1766 888 1816 et
901 1763 974 1817 hunc
985 1765 1061 1817 char-

125 1849 238 1914 taceum,
250 1863 299 1900 nec
309 1848 420 1902 saeculo
428 1847 486 1902 XV.
495 1849 688 1916 antiquiorem,
697 1847 957 1900 Wratislauiensem
968 1847 1060 1913 regiae

125 1931 309 1984 bibliothecae
332 1932 353 1986 1.
370 1931 406 1995 Q.
423 1933 487 1985 344:
511 1934 628 1986 alterum
651 1931 754 1984 sacculi
777 1932 843 1983 item
859 1930 918 1984 XV.
942 1932 969 1984 in
992 1930 1060 1984 bibl.

125 2017 201 2082 regia
219 2015 382 2069 Monacensi
400 2015 472 2070 8826
490 2017 589 2083 postea
606 2015 771 2081 recognouit
788 2013 897 2081 collega
914 2016 941 2067 et
959 2016 1061 2067 amicus

125 2098 378 2152 desideratissimus
404 2098 491 2152 Odilo
517 2097 713 2156 Rottmanner:
738 2114 810 2151 nunc
833 2113 901 2151 uero
925 2114 986 2151 ecce
1010 2097 1061 2152 tibi

124 2184 223 2235 testem
239 2183 408 2249 insperatum
424 2184 491 2235 totis
508 2199 558 2235 sex
573 2183 691 2235 saeculis
707 2182 897 2235 uetustiorem.
916 2181 1061 2235 Praeterea

126 2281 208 2332 saepe
219 2267 247 2317 in
258 2266 373 2319 dubium
384 2269 483 2319 uocata
494 2268 553 2319 erat
564 2268 701 2319 sermonis
713 2267 872 2332 auctoritas
884 2266 960 2334 quod
969 2270 1061 2320 textus

125 2348 244 2414 symboli
259 2366 275 2401 a
290 2348 647 2416 Romano-Mediolanensi,
662 2349 753 2417 qualis
768 2349 803 2403 ab
817 2348 975 2417 Augustino
990 2350 1061 2403 solet

125 2434 234 2498 exponi,
254 2432 358 2500 duplici
378 2435 489 2486 nomine
508 2434 690 2501 discreparet:
710 2451 809 2502 nempe
827 2437 869 2487 ter
888 2437 916 2487 in
935 2451 969 2487 eo
988 2435 1061 2502 lege·

125 2515 206 2567 batur
227 2517 278 2582 qui
299 2519 474 2584 conceptus
495 2520 545 2571 est
566 2518 604 2570 de
626 2519 744 2585 spiritu
766 2521 889 2585 sancto,
911 2522 1004 2572 natus
1026 2535 1062 2571 ex

124 2598 226 2652 Maria
244 2601 381 2667 uirgine,
400 2603 515 2655 omnino
534 2604 610 2655 utin
629 2605 706 2655 textu
725 2605 846 2670 recept0,
866 2604 985 2670 itemque
1004 2618 1060 2655 uno

125 2682 223 2735 saltem
237 2683 298 2736 loco
312 2700 427 2750 passus
442 2685 499 2738 sub
515 2685 633 2739 Pontio
648 2686 767 2754 Pilato,
781 2687 968 2755 crucifixus,
983 2704 1061 2741 mor-

124 2767 196 2818 tuus
213 2768 243 2819 et
260 2768 415 2834 sepultus.
439 2767 525 2836 Atqui
542 2770 570 2822 in
586 2769 682 2823 codice
699 2769 924 2837 Guelferbytano
940 2773 1060 2838 genuina

126 2848 206 2902 lectio
223 2849 324 2917 ubique
341 2852 496 2906 exhibetur:
515 2854 566 2920 qui
583 2856 674 2907 natus
694 2857 743 2908 est
759 2855 798 2907 de
815 2857 933 2922 spiritu
950 2858 1060 2909 sancto

125 2935 154 2985 et
171 2934 297 3001 uirgine
315 2934 430 3002 Maria,
450 2937 477 2989 et
495 2937 553 2990 sub
572 2937 690 2991 Pontio
710 2937 817 2992 Pilato
835 2940 1012 2993 crucifixus
1031 2943 1061 2993 et

125 3018 282 3084 sepultus3
298 3021 328 3071 ut
343 3020 435 3073 nullus
452 3021 583 3090 deinceps
599 3026 740 3076 remaneat
755 3039 790 3077 ex
804 3024 856 3077 hoc
870 3026 959 3092 capite
975 3024 1060 3078 ambi-

123 3101 208 3167 gendi
228 3101 313 3155 locus.
339 3102 436 3170 Neque
455 3105 507 3157 hoc
525 3108 605 3159 satis:
624 3107 713 3173 ipsius
732 3107 853 3173 symboli
871 3107 1059 3174 explanationi

124 3185 151 3236 in
160 3187 256 3238 nostro
264 3189 452 3255 manuscripto
459 3192 640 3243 conectuntur
648 3191 793 3244 exordium
801 3194 829 3245 et
835 3192 966 3258 clausula,
981 3207 1058 3259 quae,

125 3267 188 3321 licet
207 3270 235 3321 in
255 3270 338 3323 editis
358 3270 432 3324 haud
452 3275 582 3340 reperieS,
602 3290 699 3328 omnes
719 3278 812 3329 tamen
832 3292 961 3329 numeros
981 3277 1009 3328 iu
1030 3292 1059 3328 sc

125 3351 235 3419 habent,
257 3354 356 3421 quibus
377 3372 409 3408 ea
428 3357 549 3422 genuina
570 3373 631 3411 esse
651 3374 797 3425 agnoscas.
827 3359 948 3412 Prodeat
968 3360 1060 3427 itaque

125 3435 179 3489 iam
197 3438 315 3504 primum
333 3440 360 3492 in
379 3440 516 3508 integrum
533 3442 662 3496 restituta
679 3444 791 3498 maximi
810 3444 942 3513 ponderis
960 3444 1059 3511 oratio,

1036 3563 1061 3617 V
