2819 4040
683 336 796 386 appendix.
814 338 878 378 Tract.
887 338 918 377 lx.

335 460 393 514 illo
410 463 444 515 ut
461 460 591 516 faceret.
612 461 651 516 Et
667 463 713 516 ait
730 462 892 519 dominus:
912 468 921 489 ·
936 461 1098 531 Numquid
1116 476 1178 515 non
1196 476 1269 528 pos-

334 560 412 612 sum,
429 546 512 598 sicut
525 545 652 614 ‘figulus
669 548 730 602 iste
746 547 835 615 fecit,
851 551 897 603 ita
912 548 1018 602 facere
1033 545 1139 614 uobis,
1155 545 1268 599 domus

335 627 479 683 Israhel?
495 641 505 663 *
520 628 599 683 Ecce
616 632 699 684 sicut
717 630 819 685 lutum
837 632 936 700 figuli
953 647 1012 686 uos
1029 631 1108 684 estis
1127 631 1159 683 in
1176 644 1269 683 manu

333 730 408 768 mea.
426 713 474 768 ’Τ
478 716 631 768 erminum
649 715 765 783 loquar
782 731 879 784 super
897 717 1022 785 gentem
1039 716 1069 768 et
1086 729 1182 783 super
1198 729 1268 781 reg·

332 799 1002 870 num,*utexterminemillosetperdamz*
1024 798 1311 853 Etsiconuersaars

332 882 432 937 fuerit
453 898 532 953 gens
553 883 611 937 illa
633 884 756 938 amalis
778 887 858 954 suis,
880 888 933 941 *et
953 885 1100 954 penitear
1120 885 1151 936 in
1173 882 1267 937 malis

332 982 410 1034 quae
425 967 651 1036 disposueram
665 971 699 1023 ut
714 969 852 1023 facerem
867 971 947 1038 illis,
962 974 994 1025 et
1007 985 1070 1023 non
1085 968 1210 1022 faciam.
1227 967 1267 1021 Et

330 1052 443 1105 iterum
461 1054 630 1106 terminum
648 1052 764 1120 loquar
780 1065 874 1122 super
893 1056 1019 1122 gentem
1036 1055 1066 1108 et
1083 1067 1179 1121 super
1196 1067 1266 1119 reg·

328 1147 410 1203 num,
423 1140 433 1161 ’
448 1136 618 1191 aedificem
630 1137 902 1206 circumplantem.
916 1144 925 1164 ⁸
941 1139 1017 1192 Etsi
1031 1151 1179 1191 conuersa
1195 1135 1265 1190 fue-

329 1220 370 1272 rit
385 1236 465 1288 gens
482 1220 551 1289 illa,
568 1225 602 1276 ut
619 1238 681 1275 non
698 1222 799 1276 faciat
816 1224 990 1278 secundum
1005 1222 1309 1277 iustificationes³⁵⁰

329 1320 426 1372 meas,
441 1318 451 1339 *
464 1306 610 1373 penitear
624 1308 654 1359 et
668 1316 730 1376 eg‘o‘
744 1307 775 1359 in
789 1307 885 1361 bonis
900 1322 979 1376 quae
993 1307 1217 1375 disposueram
1230 1306 1265 1357 ut

329 1388 467 1443 facerem
484 1390 562 1458 illis,
579 1393 610 1445 et
626 1403 688 1444 non
704 1389 820 1444 faciam.
855 1392 895 1446 Et
910 1408 991 1446 nunc
1007 1394 1063 1446 ait:
1079 1390 1214 1445 Auertat
1230 1405 1263 1444 se

328 1476 547 1542 unusquisque
560 1478 702 1529 uestrum
717 1493 732 1529 a
746 1478 798 1529 uia
811 1492 868 1530 sua
882 1477 994 1544 mala,‘
1008 1478 1039 1530 et
1052 1476 1201 1530 meliores
1215 1474 1262 1528 fa-

327 1559 389 1611 cite
401 1560 621 1627 cogitationes
634 1563 769 1615 uestras.
790 1560 860 1614 Ecce
873 1560 976 1614 cadunt
988 1561 1062 1627 iusti,
1076 1558 1264 1613 iustificantur

272 1649 317 1687 191v
327 1643 416 1711 impii;
434 1643 590 1698 deiciuntur
605 1642 611 1716 Ι
626 1648 843 1713 praesumentes,
855 1645 1036 1699 subleuantur
1045 1644 1172 1698 humiles.
1184 1642 1261 1707 Quid
1269 1656 1305 1693 355

327 1728 438 1783 inflaris
456 1730 491 1783 de
509 1732 653 1798 potentia?
676 1729 747 1799 quid
758 1729 899 1798 'gloriaris
912 1729 939 1782 in
952 1727 1084 1782 malitia?
1110 1726 1136 1782 Si
1150 1726 1190 1781 uis
1202 1742 1262 1781 uere

326 1813 451 1881 exaltari,
470 1815 588 1883 dignare
607 1816 754 1871 humiliari.
774 1815 905 1883 Agnosce
925 1818 960 1882 ie,
981 1814 1048 1883 quid
1068 1815 1119 1868 sis:
1138 1827 1260 1881 'agnosce

325 1899 353 1951 ie
368 1899 469 1952 terram
485 1916 546 1953 esse
562 1902 590 1953 et
606 1901 708 1955 limum.
725 1898 812 1963 Quod
828 1902 894 1954 site
910 1916 966 1953 non
982 1899 1139 1967 agnoueris‚
1155 1897 1260 1951 frustra

325 1982 431 2036 exaltas
446 1984 566 2036 ceruices
579 1986 651 2038 tuas,
667 1983 753 2038 Deus
766 1984 917 2052 superbis
931 1984 1069 2050 resistit,
1084 1981 1258 2035 humilibus

324 2069 427 2120 autem
439 2067 496 2121 dat
507 2069 653 2135 gratiam.
884 2112 885 2115 ,
1265 2078 1302 2117 am

385 2151 426 2206 12.
443 2151 647 2220 consolamini,
661 2152 788 2220 humiles,
802 2153 1028 2219 consolamini,
1043 2152 1096 2219 qui
1110 2151 1189 2205 estis
1203 2165 1258 2218 pu·

322 2234 515 2302 silianimes3
534 2237 780 2304 confortamini,
799 2240 829 2291 et
847 2239 907 2291 iam
926 2237 1027 2290 n'olite
1045 2238 1169 2289 timere:
1188 2250 1257 2288 eece

322 2321 404 2373 enim
426 2320 576 2374 dominus
599 2324 721 2388 noster,
744 2323 797 2389 qui
821 2321 978 2375 retribuet
1000 2320 1164 2387 iudicium,
1187 2322 1256 2387 ipse

321 2405 439 2472 ueniet,
453 2407 484 2458 et
496 2405 608 2458 saluos
622 2421 680 2459 nos
694 2404 802 2459 faciet.
824 2404 979 2459 Dominus
993 2407 1025 2458 in*
1037 2407 1183 2473 proximo
1196 2406 1255 2471 est,

321 2490 418 2555 pastor
440 2489 468 2541 in
489 2490 618 2557 proximo
641 2491 694 2543 est:
718 2489 798 2542 nihil
821 2489 958 2543 solliciti
981 2488 1120 2542 fueritis.
1144 2487 1299 2541 Saeuiataos

320 2573 449 2639 mundus,
460 2574 587 2626 saeuiant
596 2573 745 2626 dilectores
756 2573 861 2640 mundi,
872 2575 973 2626 terreat
982 2572 1103 2640 gladius,
1114 2574 1255 2625 immineat

319 2656 419 2724 fames,
436 2658 528 2711 uastet
545 2657 713 2725 pestilentia,
732 2657 875 2710 abundent
892 2657 990 2723 morbi,
1008 2659 1153 2711 consumat
1170 2672 1253 2711 mors.

319 2739 399 2804 Quis
417 2757 475 2794 nos
493 2742 659 2809 separabit
675 2759 691 2794 a
707 2742 843 2796 caritate
860 2741 930 2796 dei?
946 2742 1127 2808 tribulatio,
1145 2733 1182 2795 a'n
1201 2757 1254 2795 an-

317 2827 437 2893 gustia,
458 2842 496 2879 an
516 2825 630 2893 fames,
651 2842 690 2880 an
710 2826 898 2893 periculum,
919 2842 957 2879 an
977 2825 1126 2893 gladius?
1154 2824 1199 2879 Et:
1220 2823 1253 2878 Si

316 2910 396 2963 deus
411 2925 468 2977 pro
482 2909 588 2978 nobiS,
603 2911 674 2978 quis
687 2913 800 2964 contra
814 2911 892 2964 nos?
906 2909 952 2964 Et:
968 2909 1077 2978 Neque
1091 2926 1186 2977 morS,
1201 2923 1296 2963 ne-:uo

318 3009 375 3062 que
396 2995 475 3060 uita,
496 3010 597 3062 neque
618 2994 764 3062 angeluS,
787 3010 888 3062 neque
909 2995 1109 3062 principatus
1131 2995 1252 3062 poterit

316 3094 374 3131 nos
391 3094 543 3146 separare
559 3095 574 3131 a
589 3080 725 3132 caritate
741 3078 805 3146 dei,
820 3094 901 3146 quae
917 3080 965 3132 est
981 3079 1012 3131 in
1029 3077 1162 3132 Christo
1180 3078 1251 3131 lesu

315 3162 447 3215 domino
462 3164 584 3216 nostro.
599 3162 691 3216 Adest
706 3162 787 3216 nobis
805 3162 941 3230 Perpetua
958 3162 1100 3216 Felicitas:
1116 3161 1183 3230 quid
1199 3178 1250 3215 nos

182 3248 289 3334 rhlssffitffla
314 3249 399 3301 terret
423 3247 520 3301 mundi
543 3247 713 3302 infelicitas?
736 3246 765 3300 Si
790 3249 872 3300 istam
896 3246 1057 3300 felicitatem
1082 3246 1250 3299 mundanam

162 3346 215 3375 nunu
228 3353 307 3383 pressuras
315 3334 402 3385 sancti
417 3347 516 3386 ‘omnes
532 3334 662 3398 amarent,
679 3331 844 3400 Perpetuam
861 3331 1032 3384 Felicitatem
1048 3331 1178 3384 ecclesiae
1193 3346 1292 3385 nonau

189 3394 276 3473 ἰἷὲῖἷῖιῗιῗιῗ
314 3415 456 3471 haberent.
473 3415 502 3469 Si
518 3415 637 3469 felicitas
653 3416 734 3470 huius
751 3415 847 3469 mundi
862 3416 1023 3468 transitoria
1039 3414 1173 3484 diligitur,
1190 3430 1249 3483 per-

312 3536 366 3588 210
