2819 4040
676 329 694 368 S.
708 330 812 378 Augustini
825 330 918 369 tractatus

347 466 428 518 quam
453 467 549 505 cauere
573 452 657 505 debet
680 452 832 508 laboriosa:
857 453 934 508 nulla
957 453 1109 520 desidiosa,
1134 468 1215 521 quam
1238 469 1280 506 ca-

346 551 410 589 uere
435 535 519 589 debet
543 537 643 591 otiosa.
676 536 762 591 Erant
786 555 855 606 ergo
879 541 907 592 in
932 537 980 591 illa
1005 537 1090 591 domo
1114 538 1184 590 istae
1208 537 1280 591 duae

345 622 427 687 uitae,
455 623 482 674 et
508 623 568 689 ipse
594 621 660 674 fons
685 622 768 675 uitae.
803 622 833 676 ln
860 623 972 677 Martha
998 624 1057 675 erat
1083 623 1176 689 imago
1202 637 1324 689 prae-rio

346 706 473 772 sentium,
498 706 526 758 in
548 705 640 759 Maria
664 706 831 763 futurorum.
861 707 948 775 Quod
973 707 1073 774 agebat
1095 704 1217 773 Martha,
1241 706 1279 759 ibi

346 805 452 856 sumus3
481 792 557 858 quod
580 790 680 858 agebat
703 790 804 858 Maria,
828 792 881 847 hoc
905 806 1059 861 speramus:
1089 791 1141 844 hoc
1165 806 1279 858 agamus

344 876 423 942 bene,
443 876 563 929 utillud
583 876 734 930 habeamus
753 876 843 944 plene.
871 877 943 931 Nam
964 876 1116 951 quidinde
1135 875 1277 941 hahemus,

344 961 372 1012 in
393 963 526 1027 quantum
545 960 687 1027 habemus
709 962 841 1028 quamdiu
860 963 904 1015 hic
924 961 1037 1015 sumus?
1063 958 1206 1023 Quantum
1226 961 1276 1025 est,

345 1045 388 1096 est
418 1044 494 1111 quod
524 1045 589 1097 inde
619 1044 772 1098 habemus?
807 1044 885 1109 Quid
915 1049 965 1113 est,
997 1044 1072 1113 quod
1102 1043 1167 1097 inde
1196 1041 1323 1097 habe-115

346 1130 425 1183 mus?
456 1129 529 1183 Nam
552 1132 580 1182 et
602 1130 688 1183 modo
711 1130 777 1183 inde
800 1130 907 1198 aliquid
931 1132 1029 1199 agitur.
1060 1126 1171 1187 Remoti
1195 1145 1211 1183 a
1234 1144 1279 1182 ne-

344 1214 438 1281 gotiiS,
469 1214 601 1281 sepositis
637 1214 822 1268 familiaribus
858 1216 940 1283 curiS,
975 1213 1154 1281 conuenistiS,
1190 1213 1279 1281 statiS,

346 1298 460 1351 auditis:
484 1299 512 1351 in
535 1300 667 1366 quantum
689 1299 742 1353 hoc
764 1299 856 1368 agitiS,
879 1299 987 1353 Mariae
1010 1299 1115 1353 similes
1137 1298 1213 1352 estis.
1245 1296 1280 1350 Et

345 1381 455 1435 facilius
480 1399 531 1436 uos
556 1383 632 1451 quod
656 1384 714 1451 agit
731 1381 830 1450 Maria,
855 1400 937 1451 quam
962 1400 1016 1452 ego
1040 1382 1115 1452 quod
1140 1382 1278 1437 Christus.

344 1466 373 1520 Si
395 1468 462 1536 quid
482 1470 574 1521 tamen
594 1468 657 1523 dico
677 1466 791 1535 Christi,
813 1468 878 1522 ideo
898 1485 951 1523 uos
971 1469 1067 1537 pascit,
1089 1468 1153 1536 quia
1173 1465 1278 1521 Christi
1288 1480 1323 1517 120

344 1554 395 1620 est,
424 1554 487 1620 quia
516 1553 596 1621 panis
623 1554 784 1619 communis,
812 1554 887 1607 unde
914 1556 941 1607 et
968 1569 1022 1621 ego
1048 1553 1124 1619 uiuo,
1153 1553 1176 1606 si
1203 1553 1277 1606 uiuo.

345 1636 435 1690 Nunc
453 1640 544 1691 autem
561 1639 711 1704 uiuimus,
729 1639 755 1691 si
772 1650 831 1691 uos
849 1640 945 1692 statis
963 1640 994 1691 in
1011 1637 1153 1691 domino:
1176 1652 1232 1690 non
1250 1637 1278 1690 in

344 1721 435 1788 nobis,
448 1722 498 1774 sed
510 1723 537 1775 in
548 1722 675 1787 domino;
690 1723 754 1790 quia
766 1738 868 1790 neque
880 1724 933 1789 qui
945 1723 1071 1790 plantat
1082 1724 1131 1775 est
1142 1721 1277 1790 aliquid,

344 1822 445 1874 neque
460 1808 513 1873 qui
527 1808 622 1873 rigat,
637 1806 693 1860 sed
708 1807 761 1874 qui
776 1807 1004 1860 incrementum
1018 1806 1074 1859 dat
1087 1806 1174 1858 deus

404 1891 428 1943 5.
448 1889 592 1956 Quantum
611 1893 702 1944 tamen
722 1893 772 1958 est,
793 1891 869 1959 quod
889 1892 925 1944 de
945 1890 994 1944 illa
1013 1891 1071 1944 uita
1090 1889 1231 1943 audiendo
1251 1893 1321 1942 et125

344 1976 533 2043 intellegendo
549 1977 658 2030 sumitis
674 1979 701 2029 et
715 1976 823 2044 capitis,
839 1977 917 2030 cuius
932 1977 1007 2029 uitae
1023 1977 1171 2043 imaginem
1186 1974 1278 2028 Maria

343 2060 465 2128 gerebat,
479 2063 611 2128 quantum
624 2064 666 2115 est
678 2062 749 2115 hoc?
767 2060 905 2115 Transeat
918 2077 974 2114 nox
986 2062 1040 2114 ista
1052 2061 1163 2114 saeculi.
1182 2059 1277 2113 Mane

327 2146 459 2216 astabo
471 2147 543 2213 tibi,
555 2147 848 2214 etcontemplabor.
866 2145 1003 2200 ‘Auditui
1016 2161 1084 2200 meo
1096 2145 1190 2199 dabis
1199 2160 1278 2215 gau·
1362 2176 1364 2180 .

253 2231 429 2284 rourudium
455 2234 485 2284 et
509 2232 678 2298 laetitiam,
703 2234 734 2285 et
758 2232 949 2285 exultabunt
974 2247 1048 2285 ossa
1073 2226 1276 2300 humillliata

345 2317 500 2370 Humiliata
521 2333 595 2384 ossa,
614 2319 754 2385 tamquam
774 2317 912 2370 haerentis
934 2317 1065 2370 membra.
1094 2316 1156 2369 Hoc
1177 2316 1321 2383 agebatrso

342 2400 445 2454 Maria:
466 2401 671 2469 humiliabatur,
685 2404 712 2455 et
725 2401 899 2469 implebatur.
919 2399 1052 2455 Sedebat:
1073 2400 1140 2468 quid
1153 2402 1195 2454 est
1209 2416 1276 2466 ergo

344 2486 420 2552 quod
442 2486 508 2552 dixi,
529 2485 624 2540 Mane
646 2486 760 2539 astabo
782 2489 812 2539 et
833 2486 1096 2553 contemplabor?
1122 2483 1276 2552 ,Quomodo

343 2571 445 2622 astanti
462 2570 561 2623 similis
578 2571 665 2637 sedet,
683 2572 706 2623 si
723 2586 802 2623 mane
818 2571 961 2638 significat
977 2570 1102 2624 futurum
1118 2569 1277 2622 saeculum?

344 2653 502 2707 Praesentis
515 2655 616 2708 saeculi
629 2656 709 2708 nocte
721 2657 868 2721 transacta,
881 2653 999 2721 listaho,
1013 2654 1110 2721 inquit,
1123 2655 1151 2706 et
1163 2653 1275 2720 uidebo,

343 2739 442 2791 astabo
455 2741 481 2792 et
492 2739 709 2807 contemplabor.
728 2739 793 2793 Non
805 2739 884 2806 dixit,
897 2739 1011 2793 sedebo.
1029 2737 1183 2806 Quomodo
1194 2739 1275 2791 huius
1286 2757 1319 2793 1³5

341 2826 435 2877 tantae
446 2825 485 2875 rei
495 2825 645 2891 'imaginem
657 2824 748 2877 Maria
759 2825 914 2881 seden<s>
925 2824 1005 2891 gerit,
1018 2824 1050 2890 si,
1063 2823 1162 2876 astabo
1173 2826 1200 2876 et
1210 2839 1274 2876 con-

341 2908 518 2976 templabor?
548 2908 590 2961 Ne
612 2925 663 2962 uos
688 2910 741 2962 ista
764 2909 937 2975 conturbent,
961 2908 1080 2962 carnalis
1104 2909 1199 2976 inopia
1222 2911 1275 2961 est:

342 3009 398 3047 non
418 2994 512 3063 potest
529 2996 674 3062 utrumque
693 2995 766 3061 exigi
785 2995 821 3047 de
838 3010 965 3062 corpore,
984 2997 1016 3057 ut
1035 2993 1116 3047 simul
1135 3009 1191 3047 uno
1209 2996 1276 3046 tem·

342 3094 410 3145 pore
426 3080 453 3131 et
468 3080 522 3130 stet
537 3080 564 3131 et
579 3080 682 3133 sedeat.
705 3078 733 3132 Si
749 3080 821 3132 enim
837 3079 924 3146 sedet,
941 3095 996 3132 non
1013 3080 1079 3143 stat3
1101 3079 1124 3131 si
1141 3079 1204 3144 stat,
1220 3093 1275 3130 non

212 3181 264 3203 uve
282 3181 298 3202 se
309 3163 431 3215 eresedet:
453 3162 535 3215 simul
548 3165 693 3230 utrumque
707 3179 763 3215 non
777 3165 869 3229 potest
883 3178 992 3230 corpus.
1013 3161 1068 3215 Sed
1082 3163 1106 3215 si
1120 3161 1275 3229 probauero
1284 3178 1319 3215 140

197 3223 323 3299 elwan-
342 3249 405 3314 quia
426 3249 521 3314 potest
540 3248 655 3313 animm,
676 3247 810 3315 numquid
831 3249 883 3300 erit
903 3247 977 3300 unde
997 3246 1182 3299 dubitemus?
1199 3244 1276 3312 'Quia

341 3334 364 3385 si
377 3333 463 3385 modo
474 3332 580 3399 aliquid
591 3332 646 3385 tale
658 3335 758 3400 potest,
771 3333 858 3386 multo
870 3332 981 3385 facilius
992 3333 1057 3384 tunc
1068 3331 1171 3399 poterit
1182 3330 1274 3397 homo,

341 3417 416 3469 omni
430 3415 602 3470 difficultate
615 3417 705 3471 finita.
727 3416 795 3470 Ecce
808 3417 882 3470 unde
895 3418 1012 3483 capiatis
1026 3414 1190 3482 exemplum.
1212 3414 1275 3482 lpse

342 3536 393 3588 122
