2819 4040
484 315 505 353 ln
518 316 582 355 natale
595 316 690 355 intantum

123 435 212 490 stolus
229 438 385 506 confirmat,
403 442 430 493 et
447 441 525 494 dicit:
544 440 666 507 Estote,
685 441 782 509 inquit,
801 439 983 493 imitatores
1000 435 1052 489 dei

122 523 280 589 tamquam
296 523 363 576 filii
378 524 596 592 dilectissimi,
611 527 642 580 et
658 525 817 579 ambulate
833 526 864 577 in
880 523 1054 578 dilectione

124 607 206 658 sicut
221 609 251 659 et
264 606 415 660 Christus
429 608 546 662 dilexit
560 625 630 677 uos,
645 612 675 662 et
689 609 826 663 tradidit
840 625 872 661 se
887 624 944 676 pro
958 606 1053 660 uobis

78 689 321 743 arooblationem
333 692 786 747 etuictimam‘deoinodorem
798 693 978 747 suauitatis
996 690 1053 757 Qui

125 774 197 826 enim
215 790 230 826 a
244 775 362 841 peccatis
379 774 519 842 abstinuit,
537 777 582 844 qui
600 778 732 830 iustitiam
748 780 844 844 tenuit,
861 778 906 845 qui
922 777 1054 830 humilem

125 857 290 925 subleuauit,
310 874 410 911 suaues
429 858 533 911 odores*
551 861 682 914 incendit:
703 863 748 929 qui
768 862 906 915 afflictum
925 861 1054 929 periculis

124 944 233 1010 eripuit,
253 943 393 998 desertum
411 944 493 1010 fouit,
513 946 623 1012 inopem
641 946 780 1013 tolerauit,
800 964 928 1014 magnum
948 946 1054 1001 sacrifi-

124 1028 196 1079 cium
212 1027 267 1079 deo
283 1027 391 1080 libauit:
409 1028 455 1095 qui
472 1027 588 1094 pacifice
604 1044 665 1081 cum
681 1029 814 1082 iratribus
829 1032 906 1097 uixit,
923 1033 949 1083 et
965 1031 1054 1084 adhuc

79 1111 216 1164 1151111111
235 1114 346 1179 peccata
365 1112 459 1165 ulcisci
480 1112 577 1178 noluit,
597 1113 721 1166 diuinam
740 1116 858 1166 mentem
877 1114 1053 1181 uoluptuosis

126 1195 260 1249 odoribus
274 1195 433 1250 oblectauit.
455 1194 512 1248 ista
526 1198 590 1249 sunt
604 1195 785 1250 odoramenta
800 1212 868 1264 quae
882 1199 954 1264 magi
968 1215 1002 1250 ex
1014 1197 1054 1249 ul-

125 1280 199 1332 timis
214 1280 294 1332 terris
309 1279 424 1333 Christo
438 1279 595 1347 portabant.
618 1280 671 1334 Cui
687 1283 729 1333 est
743 1280 839 1346 honor,
854 1282 949 1347 uirtuS,
963 1281 1053 1348 gloria

125 1366 152 1416 et
165 1364 309 1431 imperium
322 1365 350 1416 in
363 1363 472 1417 saecula
485 1363 666 1417 saeculorum.
686 1362 783 1417 Amen.

154 1593 155 1597 ’
187 1584 272 1631 illide
290 1585 383 1631 Praeiai.
401 1586 429 1629 ad
446 1599 467 1629 n.
485 1587 521 1628 Vl.
540 1586 564 1628 ln
581 1586 657 1630 codice
682 1584 831 1631 Aurelianensi
850 1586 890 1628 154
909 1586 943 1641 (al.
962 1586 1008 1629 131.
1026 1599 1054 1630 ex
1143 1619 1144 1623 ,

125 1658 229 1711 floriaco,
248 1670 303 1703 saec.
322 1658 440 1716 VlllVlll.)
459 1658 590 1702 inscribitur:
610 1658 696 1713 ,Incipit
715 1670 787 1701 sermo
805 1659 826 1700 in
844 1658 914 1700 natale
933 1660 1055 1701 sanctorum

126 1731 274 1774 Innocentium
288 1732 325 1784 qui
339 1743 379 1785 pro
392 1730 483 1774 domino
496 1731 561 1773 occisi
575 1733 626 1773 sunt
640 1731 708 1772 sancti
721 1729 796 1783 Optati
810 1729 1054 1784 111111111111111111111111,1

125 1802 295 1855 INFANTUM]
323 1802 382 1847 infra
409 1804 431 1845 in
458 1802 625 1856 subscriptione,
658 1801 693 1844 hic
719 1813 773 1844 uero
797 1802 1000 1843 INFANTORUM
1026 1802 1053 1843 G.

125 1876 138 1916 3
155 1873 320 1928 christianae]
339 1886 378 1929 pro
396 1874 513 1919 Christi?
531 1874 559 1917 ci.
578 1877 651 1917 tamen
668 1874 725 1918 inira
742 1873 755 1916 1.
769 1875 797 1917 30
815 1875 837 1916 et
853 1875 886 1915 95.
930 1874 955 1914 10
974 1874 1016 1927 sic]
1034 1875 1054 1914 si

125 1946 153 1999 G,
168 1949 257 2000 propter
271 1959 283 1988 c
295 1958 352 2000 quae
368 1948 472 2000 sequitur.
514 1948 595 1989 12-15
611 1946 835 1990 credentibus...
851 1945 987 1998 honorant}
1002 1946 1056 1988 haec

125 2019 200 2062 litteris
216 2020 350 2062 tenuioribus
367 2021 445 2074 scripta
460 2020 482 2061 111
496 2033 539 2064 ras.
576 2020 605 2063 ,13
621 2020 726 2072 excitat]
742 2020 871 2061 exercitat
886 2018 913 2061 G.
945 2019 971 2060 'lb
987 2030 1055 2061 erro-

126 2091 198 2133 ribus
213 2092 342 2145 pristinis]
358 2091 432 2145 Optat.
448 2093 482 2144 49,
498 2093 525 2133 18
541 2090 576 2145 (C.
583 2091 604 2133 S.
613 2092 637 2134 E.
644 2090 667 2133 E.
676 2093 690 2135 t.
698 2092 741 2147 26.)
756 2091 791 2145 ,ad
806 2091 889 2145 pristini
905 2091 981 2132 erroris
996 2091 1057 2133 liber-

124 2163 208 2205 tatem!
247 2165 273 2205 17
285 2175 345 2206 suos
357 2164 390 2216 etl
404 2177 421 2206 s
434 2164 447 2205 l.
462 2175 515 2206 corr.
528 2177 556 2206 ex
569 2165 608 2206 sui
645 2164 670 2204 21
686 2162 823 2216 subdolis]
837 2162 864 2205 ci.
877 2162 955 2216 Optati
964 2162 1056 2204 indicem

125 2248 146 2289 p.
160 2237 208 2279 320.
238 2237 265 2278 24
277 2236 344 2290 inde]
357 2236 517 2280 restituendum·
527 2236 609 2278 conieci
623 2249 650 2278 ex
661 2235 748 2279 duabus
760 2235 835 2278 litteris
848 2234 931 2287 deletis,
943 2236 965 2277 in
978 2235 1057 2289 quibus

125 2319 146 2349 m
165 2319 206 2350 seu
223 2309 247 2350 111
265 2307 327 2353 facile
346 2320 462 2365 agnoscas.
506 2310 532 2350 27
550 2308 596 2361 me}
615 2307 661 2350 loli.
682 2309 715 2361 14,
732 2309 752 2349 6.
796 2310 823 2355 28
840 2307 906 2361 ipsa]
924 2319 965 2360 ppo
982 2307 1055 2360 ipse?

124 2380 153 2422 -20
171 2380 326 2434 substrauit]
345 2393 356 2423 s
380 2382 405 2422 2⁰
423 2381 471 2423 loco
489 2393 507 2425 s.
526 2381 539 2424 l.
559 2381 630 2434 suppl.
664 2382 692 2423 30
711 2379 861 2432 christiana}
881 2392 921 2434 pro
941 2379 1056 2421 Christi?

125 2453 159 2496 32.
175 2453 216 2494 194
230 2454 349 2506 potestas
363 2453 461 2507 regalis
476 2486 481 2496 .
495 2485 500 2494 .
515 2452 669 2506 .regalibuls
683 2452 797 2505 insidiis]
811 2452 886 2505 Optat.
901 2452 949 2504 134,
964 2452 976 2493 b
990 2464 1057 2507 ,rega-

125 2523 168 2566 lem
183 2525 316 2578 purpuram‘.
363 2526 390 2566 37
405 2524 481 2577 misit]
502 2526 511 2566 l
530 2538 558 2567 m.
574 2538 591 2567 s.
608 2524 620 2567 l.
635 2524 705 2578 suppl
752 2525 779 2566 39
795 2523 887 2577 magis]
904 2522 1012 2576 1111111112,
1024 2523 1055 2565 16.

126 2598 151 2638 41
169 2596 267 2639 domini
282 2598 322 2639 sui
337 2597 398 2643 lieri
412 2596 530 2651 comites]
546 2598 572 2641 ci.
589 2597 663 2651 Optat.
680 2597 723 2639 ind.
739 2609 761 2650 p.
778 2598 825 2639 259.
857 2598 885 2638 43
901 2595 994 2639 idonea
1007 2596 1022 2638 i.
1037 2608 1055 2637 c.

125 2668 157 2710 ad
170 2669 300 2722 coronam]
315 2669 389 2723 Optat.
404 2670 437 2723 55,
451 2670 464 2710 7
480 2669 515 2722 ,ad
528 2670 684 2723 paenitentiam
697 2668 805 2725 agendam
819 2667 914 2712 idonea‘.
944 2669 1057 2722 4411111-

125 2741 206 2796 dysus
224 2741 250 2786 G.
283 2742 310 2783 46
326 2740 429 2795 debere]
447 2754 464 2785 s.
482 2741 494 2783 1.
511 2754 565 2783 corr.
582 2754 610 2783 ex
626 2740 736 2783 babere:
756 2741 783 2782 ci.
801 2739 863 2784 indic.
881 2740 955 2794 Optati
972 2753 992 2793 p.
1009 2740 1056 2782 205.

125 2814 158 2857 48.
175 2814 208 2856 67.
225 2814 252 2855 72
267 2814 292 2855 in
307 2813 421 2867 saeculo]
438 2813 464 2855 cl.
480 2813 533 2857 ibid.
549 2814 597 2855 315.
629 2814 662 2857 48.
679 2809 707 2854 72
722 2809 857 2858 laborauit
870 2844 877 2857 ..
890 2845 895 2854 .
909 2846 914 2855 .
928 2811 1054 2864 laborare}

126 2884 202 2937 absol,
218 2887 242 2926 ut
257 2897 291 2938 ap.
307 2885 382 2942 Optat.
399 2885 450 2927 ibid.
467 2887 514 2929 288.
561 2887 588 2927 50
603 2884 720 2939 utraque]
736 2885 855 2927 emendaui
871 2898 899 2927 ex
913 2896 974 2927 uera
990 2896 1055 2939 quae

125 2958 152 2999 53
162 2956 318 3010 calcaneum]
330 2958 386 3000 Gen.
397 2960 417 3011 3,
430 2958 462 3001 15.
503 2959 531 3000 54
542 2956 666 3010 sanctum]
678 2959 700 2999 in
710 2969 779 3013 marg.
789 2967 819 3001 ³m.
829 2958 909 3000 recent.
920 2969 973 2999 corr.
984 2966 1056 2999 sanc-

125 3030 221 3081 torum;
236 3030 276 3073 sed
287 3030 314 3074 ci.
328 3030 383 3073 inira
396 3030 409 3074 1.
422 3032 456 3073 63.
488 3031 514 3073 55
527 3030 620 3083 manat]
634 3043 652 3071 s.
664 3030 677 3071 l.
691 3043 719 3072 ex
731 3032 818 3074 manet
830 3042 883 3072 mox
894 3042 947 3072 corr.
975 3030 1001 3071 56
1014 3041 1057 3071 ne-

125 3102 205 3155 catur]
223 3114 234 3144 c
250 3114 278 3144 ex
292 3115 309 3156 g
325 3116 341 3147 s.
359 3101 372 3145 l.
388 3115 445 3154 corr;
464 3102 519 3145 item
532 3102 589 3145 inira
604 3103 616 3144 1.
633 3103 660 3143 112
675 3102 762 3144 necati
779 3116 807 3145 ex
822 3103 917 3155 negati.
949 3102 974 3143 58
990 3102 1057 3144 utin

124 3174 258 3228 iudicium]
280 3173 384 3216 nonnulla
399 3174 498 3228 profecto
515 3174 549 3216 hic
564 3174 721 3227 desiderantur,
737 3186 795 3228 quae
809 3175 893 3229 punctis
908 3173 1007 3226 indicaui,
1029 3185 1057 3214 ex

125 3246 173 3290 cod.
193 3246 343 3289 luurelianensi
363 3246 480 3301 aliquando
498 3245 639 3290 restituenda.
674 3247 702 3288 52
720 3247 842 3300 oppressi
862 3246 945 3300 fugati
964 3244 1056 3298 necati]

124 3318 201 3372 optat.
215 3320 249 3372 73,
264 3319 291 3360 17
303 3320 387 3375 ,posset
400 3319 506 3373 respirare
520 3318 596 3361 uestiri
609 3317 668 3372 pasci
682 3318 789 3372 gaudere‘
802 3321 825 3361 et
836 3318 880 3361 ind.
893 3331 915 3372 p.
929 3318 970 3359 254
984 3316 1057 3373 (asyn-

125 3388 211 3447 deton).
249 3391 277 3435 74
289 3390 389 3444 spreuit
401 3390 433 3444 tel
447 3390 531 3432 restitui
544 3402 572 3432 ex
584 3391 715 3443 coniectura,
730 3402 755 3433 ac
767 3390 798 3432 sic
810 3392 867 3433 certe
880 3390 955 3444 legunt
967 3389 1058 3431 Hieron.

124 3518 139 3551 S.
149 3518 230 3556 Augustini
239 3520 315 3549 tractatus.
348 3514 370 3550 12
1008 3502 1059 3554 177
