2819 4040
506 344 528 382 In
540 344 604 384 natale
617 344 712 384 infantum

145 467 222 519 cibus
245 470 365 536 ereptam
389 473 415 523 et
437 470 490 523 deo
512 474 692 525 coniunctam.
722 471 778 525 Sub
801 470 874 524 dolis
896 472 988 523 tamen
1012 465 1075 519 sub·

144 550 240 604 tilibus
261 552 438 606 adoraturum
459 572 488 607 se
508 556 651 609 dominum
671 557 790 622 simulat,
810 558 840 608 ut
860 556 1000 607 hominem
1020 552 1074 604 deo

145 636 268 701 mixtum,
284 638 307 688 si
323 637 385 689 lieri
401 641 499 705 possit,
515 640 632 705 occidat3
649 656 728 708 quem
745 641 857 707 spiritus
872 639 959 692 sancti
974 636 1074 704 gnber-

143 720 256 774 natione
280 718 448 773 subtractum
471 724 593 776 inuenire
617 742 671 777 non
694 727 799 790 meruit,
823 727 850 776 et
872 723 991 780 <inde>
1013 723 1072 773 tan-

113 806 200 857 25tam
213 805 326 857 caedem
338 809 466 858 eruentus
480 807 586 861 indixit.
608 809 684 862 Haec
697 813 740 861 est
752 810 797 860 uia
810 809 956 874 caelorum,
969 807 1072 861 ueritas

145 889 361 955 euangeliorum,
382 893 513 957 perpetua
531 893 587 944 uita
606 895 770 945 sanctorum.
793 892 859 959 Ego
878 909 955 958 sum,
974 892 1071 958 inquit,

144 975 195 1026 uia
207 975 328 1026 ueritas
341 977 371 1027 et
383 963 461 1026 uita:
475 991 565 1027 nemo
577 979 665 1028 uenit
679 976 717 1028 ad
730 978 861 1043 patrem,
875 979 936 1029 nisi
950 994 1004 1044 per
1016 993 1071 1029 me.

144 1057 172 1110 Si
189 1074 256 1124 ergo
273 1060 333 1127 ipsa
349 1061 391 1111 est
407 1060 452 1111 uia
467 1060 613 1126 caelorum,
630 1076 711 1128 quarn
728 1062 860 1113 secuturis
877 1061 1008 1114 fratribus
1024 1078 1071 1128 pa-

143 1142 239 1196 tiendo
257 1142 417 1209 substrauit,
435 1144 458 1195 si
475 1144 618 1197 ueritatem
636 1144 827 1197 absconditam
844 1145 968 1197 reuelans
984 1146 1069 1197 uitam

110 1239 135 1276 ao
143 1227 319 1280 credentibus
331 1227 417 1293 dedit,
430 1229 476 1294 qui
488 1227 568 1281 fideli
581 1229 679 1281 militia
691 1230 840 1295 signamur,
852 1228 999 1282 christiana
1010 1244 1070 1282 ues-

142 1311 211 1378 tigia
228 1311 365 1378 intrepide
381 1327 588 1378 consequamur.
606 1311 634 1364 Si
653 1328 703 1365 nos
720 1311 787 1365 odio
804 1312 921 1363 mundus
938 1312 1027 1378 habet,
1046 1314 1069 1364 si
1090 1327 1120 1362 on
1131 1328 1206 1357 insono

142 1396 267 1462 potestas
289 1394 391 1462 regalis
412 1396 572 1463 insequitur,
594 1398 648 1449 iam
670 1398 760 1463 ipsum
782 1395 923 1447 dominum
944 1395 1021 1461 odiit,
1043 1399 1069 1448 et
1086 1376 1212 1460 ῗζῗῗεᾞῗῑῖῗιῗηῗ

141 1477 260 1531 subdole
285 1479 425 1546 inquirens
450 1496 546 1532 necare
571 1481 718 1547 quaesiuit;
743 1482 770 1531 et
794 1494 854 1531 curn
879 1495 929 1545 pro
955 1479 1067 1531 Christo
1082 1473 1215 1556 affin

141 1562 263 1616 infantes
295 1555 440 1630 interfecit,
471 1564 580 1617 turbam
612 1566 762 1630 martyrum
792 1563 866 1628 tecit,
898 1578 947 1614 nec
977 1564 1067 1615 tamen

110 1642 292 1713 35³Christum,
311 1663 391 1714 quem
408 1648 479 1700 male
497 1649 654 1715 quaerebat,
671 1649 784 1700 inuenit.

201 1733 225 1784 2.
241 1731 327 1785 Tune
342 1732 491 1786 Herodes
504 1748 572 1785 cum
587 1748 620 1785 se
635 1733 775 1784 inlusum
788 1720 917 1783 uideret
929 1748 944 1783 a
958 1733 1069 1798 magiS,

142 1817 228 1868 misit
247 1817 277 1869 in
297 1816 459 1870 Bethleem
478 1819 508 1869 et
526 1819 557 1870 in
575 1833 684 1870 omnes
704 1817 790 1869 lines
808 1817 950 1882 regionis
968 1816 1068 1883 illius,

141 1902 171 1953 et
185 1901 351 1954 interiecit
364 1902 507 1955 infantes
522 1918 630 1955 ornnes
645 1919 661 1954 a
674 1902 795 1954 bimatu
808 1904 838 1953 et
852 1901 947 1966 infra,
962 1916 1069 1953 secun-

141 1983 213 2036 dum
225 1986 348 2051 tempus
362 1985 446 2051 quod
459 1986 658 2051 exquisierat
671 2002 686 2037 a
699 1986 807 2050 magis
821 1982 848 2037 O
860 1983 983 2050 gloriosa
995 1999 1068 2036 mors

108 2082 133 2119 lo
141 2066 289 2120 infantium
306 2069 467 2134 occisorum,
484 2069 583 2135 quibus
599 2070 715 2135 contigit
731 2084 781 2135 pro
798 2067 912 2120 Christo
928 2070 989 2119 ante
1005 2084 1069 2134 poe-

140 2168 203 2205 nam
223 2154 280 2219 pati
299 2168 380 2220 quam
400 2155 483 2219 nasci,
503 2156 566 2205 ante
585 2154 691 2205 domini
711 2154 753 2205 sui
773 2152 836 2204 lieri
856 2153 969 2204 comites
988 2167 1068 2218 quam

139 2236 274 2303 homineS,
290 2238 366 2304 prius
381 2239 515 2304 martyres
530 2252 611 2304 quam
627 2237 740 2289 fideles!
756 2236 840 2288 Aetas
856 2238 945 2288 minus
961 2235 1067 2288 stabilis
1076 2254 1163 2283 inlocales
1176 2254 1219 2291 ariis

140 2321 176 2372 ad
186 2336 309 2388 pugnam
320 2321 421 2373 idonea
433 2322 507 2374 iacta
519 2323 561 2374 est
572 2322 608 2374 ad
618 2337 760 2374 coronam:
773 2322 836 2373 ante
847 2324 977 2387 regnatur
988 2335 1068 2387 quam
1082 2302 1212 2379 „afflgiar

139 2405 249 2471 uiuitur,
262 2407 337 2473 prius
350 2406 496 2472 paradisus
509 2422 590 2472 quam
602 2408 674 2458 terra
686 2406 873 2472 cognoscitur:
885 2405 1051 2471 praecedunt
1064 2401 1097 2473 lor

106 2489 247 2556 lapalmae
264 2490 395 2556 laborem,
411 2490 577 2544 antecedunt
590 2506 708 2543 coronae
724 2490 845 2542 dolores.
861 2488 1012 2542 Ostensum
1027 2493 1068 2542 est

136 2575 224 2626 totam
246 2574 431 2627 innocentiam
453 2591 503 2641 pro
526 2574 640 2627 Christo
661 2575 761 2627 debere
782 2575 885 2640 uexari,
908 2574 1017 2640 quando
1039 2574 1065 2624 in

139 2658 197 2709 eius
216 2659 360 2711 natiuitate
378 2658 499 2710 infantes
517 2658 638 2711 uidimus
657 2658 753 2711 occidi.
771 2657 885 2724 Semper
902 2659 975 2710 eninr
991 2658 1067 2710 inno-

138 2744 227 2794 centia
241 2758 291 2808 pro
304 2734 420 2795 ueritate
433 2745 460 2795 in
474 2742 584 2795 saeculo
598 2743 743 2809 laborauit,
758 2744 821 2808 quia
834 2744 906 2794 inter
918 2743 978 2809 ipsa
991 2742 1067 2793 initia

139 2826 234 2879 mundi
252 2828 407 2879 inimicitias
423 2842 484 2880 eum
500 2827 615 2879 diabolo
632 2827 795 2879 insidiatore
812 2827 940 2893 suscepit,
957 2825 1067 2892 quando

106 2924 130 2960 50
139 2911 234 2964 diuina
252 2914 388 2964 sententia
403 2914 519 2979 utraque
536 2913 601 2965 haec
618 2913 723 2965 semina
741 2911 888 2964 aduersum
905 2926 933 2963 se
951 2911 1067 2963 aemula-

138 2997 214 3049 tione
228 2997 346 3049 molesta
359 2999 512 3050 constituit:
529 2996 657 3062 Ponam,
672 2998 769 3063 inquit,
785 2998 970 3050 inimicitias
985 2997 1067 3048 inter

138 3097 242 3134 semen
258 3084 343 3134 tuum
358 3084 388 3133 et
402 3098 507 3134 semen
523 3082 679 3146 mulieris3
695 3084 766 3148 ipsa
780 3083 866 3134 tuum
881 3080 1067 3133 obseruabit

136 3167 242 3232 eaput,
267 3167 297 3218 et
318 3167 351 3217 tu
375 3168 443 3218 eius
466 3165 661 3218 *obseruabis
685 3166 875 3219 calcaneum.
901 3165 976 3217 Haec
999 3180 1065 3231 ergo

137 3250 293 3316 aemulatio,
306 3250 372 3303 haec
383 3251 600 3303 innocentiarum
612 3251 739 3304 condicio
752 3252 786 3304 ab
798 3252 877 3303 initio
889 3266 977 3302 rerum
990 3266 1065 3302 sanc-

104 3345 128 3383 55
136 3337 193 3387 tum
208 3337 369 3403 sanguinem
383 3338 483 3389 manat.
499 3334 626 3402 Denique
641 3338 734 3389 statim
748 3335 819 3389 nhel
833 3338 919 3388 iustus
934 3337 1065 3388 innocens

136 3437 152 3471 a
167 3420 253 3473 fratre
268 3422 387 3486 necatur,
403 3422 430 3472 et
445 3421 491 3487 qui
507 3420 560 3473 deo
576 3421 724 3487 placuerat,
740 3422 843 3474 crudeli
858 3421 970 3474 uulnere
985 3421 1066 3473 truci-

1016 3544 1062 3595 171
