2819 4040
485 314 507 353 ii.
521 313 581 353 Index
594 314 696 354 nominum
709 315 729 354 et
741 325 807 354 rerum

204 439 226 482 in
242 439 313 483 iorma
328 441 385 484 serui
401 453 445 484 101
461 441 525 485 Patre
541 441 619 496 solum,

202 513 244 555 sed
259 515 281 556 et
295 526 319 557 se
334 514 383 569 ipso
399 515 471 557 minor
485 516 519 557 est
533 515 565 569 11,
581 516 619 566 84;

203 597 247 628 101
263 587 294 629 515
307 586 420 630 descendit
435 600 447 629 a
462 587 531 641 Patre,
547 589 571 630 ut
583 587 620 630 de-

203 660 284 702 sereret
301 659 387 702 Patrem
403 657 435 714 13,
450 661 489 712 65;
504 660 562 702 diem
577 660 618 703 sibi

203 730 276 786 elegit,
293 743 337 786 quo
354 735 484 785 nasceretur,
501 745 545 787 quo
561 732 617 775 bene

202 802 441 858 significaretur22,191
450 818 455 855 3
464 804 546 847 Christi
555 806 618 859 igno·

202 874 264 927 ratio,
283 874 354 929 iigura
373 876 417 917 est:
436 875 488 929 quid
506 876 564 918 enim
582 876 617 919 ille

197 945 329 989 nesciebat?
355 947 452 1001 24,166;
477 947 578 990 Christus
596 949 619 990 et

202 1029 250 1060 cum
262 1019 373 1071 pateretur
382 1018 462 1073 docuit,
474 1020 524 1074 quia
535 1021 616 1062 5151111

199 1090 336 1143 temptaretur
359 1089 433 1133 docuit
458 1092 491 1145 30,
505 1092 543 1143 91;
573 1103 617 1133 101

201 1161 287 1204 carnem
308 1162 404 1205 deseruit
424 1163 507 1218 nolens,
527 1164 615 1218 quando

200 1235 270 1277 uoluit
287 1237 385 1278 mortuus
402 1238 436 1279 est
451 1237 484 1290 31,
503 1237 554 1288 187;
571 1249 615 1279 non

199 1319 224 1349 se
235 1306 293 1349 ultro
305 1308 395 1363 passioni
407 1308 484 1362 intulit,
497 1309 554 1365 iugit
565 1321 616 1351 ocu-

199 1379 232 1421 105
252 1381 429 1433 persequentium
451 1381 547 1434 28,181;
573 1393 616 1434 quo

200 1451 267 1494 modo
279 1453 378 1495 mortuus
389 1455 423 1496 est
435 1453 497 1496 Deus
507 1453 614 1507 Christus,

198 1523 217 1565 si
229 1523 332 1566 diuinitas
344 1536 389 1566 non
402 1525 492 1567 moritur
505 1525 523 1579 1,
535 1525 574 1567 109
582 1537 616 1575 55;

199 1597 218 1650 3,
230 1598 257 1639 59
264 1609 298 1648 55;
309 1597 341 1650 11,
353 1598 393 1640 143
401 1607 434 1648 55;
446 1597 552 1648 0111151115,
561 1596 617 1650 prin-

198 1681 250 1722 ceps
259 1671 380 1723 martyrum:
389 1671 422 1723 30,
433 1671 471 1721 79;
481 1670 503 1712 11
510 1670 613 1723 passione

198 1741 272 1784 docuit
283 1742 335 1796 quid
345 1742 469 1796 toleremus,
480 1743 614 1785 inresurrec·

197 1814 257 1856 tione
276 1814 373 1857 ostendit
391 1814 443 1868 quid
460 1825 576 1868 speremus
595 1815 613 1868 1,

198 1887 250 1937 141;
269 1888 340 1929 totum
360 1887 381 1928 11
401 1886 489 1929 Christo
508 1897 614 1929 resurrec-

197 1958 251 2001 tioni
262 1958 368 2002 militabat
379 1960 412 2012 12,
423 1960 436 2000 8
442 1972 448 2009 ;
459 1960 534 2001 contra
543 1970 614 2001 resur·

197 2033 286 2086 gentem
302 2045 315 2073 a
330 2031 421 2073 mortuis
437 2030 556 2073 Dominum
571 2032 614 2073 tes-

196 2105 230 2145 tes
243 2102 376 2146 dormientes
388 2105 488 2145 emerunt
501 2102 613 2156 ludaei30,

197 2176 249 2225 2oo;
260 2174 404 2217 resurrexisse
416 2175 535 2217 Dominum
546 2173 614 2217 credi·

171 2261 175 2266 ’
196 2246 274 2300 dimus,
295 2246 409 2289 audientes
428 2245 510 2289 litteras
529 2257 612 2299 eorum,

196 2318 233 2372 qui
248 2320 300 2361 tunc
314 2318 401 2361 credere
416 2317 612 2373 noluerunt10,l3;

195 2402 239 2443 qua
260 2390 314 2431 hora
339 2389 438 2432 Christus
466 2390 613 2443 resurrexerit,

694 452 813 496 numquam
836 442 931 496 recessit,
954 440 992 485 tibi
1014 440 1113 483 ascendit

693 513 800 568 Christus,
821 514 839 557 si
860 514 976 558 credideris
997 513 1111 568 aequalem

693 586 750 628 Patri
777 587 809 640 13,
827 587 866 638 633
897 586 978 629 Christi
1003 585 1112 628 aduentus

692 658 820 712 sperandus,
838 671 882 701 non
890 658 1000 704 timendus
1008 658 1111 714 1,16355;

691 731 710 784 6,
720 731 759 780 39;
777 729 907 772 manifestus
923 730 998 773 ueniet
1016 731 1040 772 ut
1057 728 1111 771 iudi-

692 803 732 856 cet,
749 813 815 856 quem
830 802 938 844 occultum
953 802 1028 845 uenire
1044 813 1110 856 opor·

688 873 727 915 tuit
742 874 766 915 ut
784 872 915 916 iudicaretur
934 874 1015 928 21,14;
1034 885 1111 928 opera·

690 946 727 988 riis
736 945 783 988 suis
793 957 817 988 se
826 945 898 999 ipsum
909 947 1006 1000 praestat
1015 946 1107 1000 inpane,

690 1030 715 1060 se
736 1018 808 1072 ipsum
830 1019 904 1060 seruat
923 1018 945 1059 in
966 1017 1067 1061 mercede
1087 1019 1106 1070 9,

692 1091 743 1141 154;
753 1089 855 1132 Christus
867 1089 919 1131 lons
929 1089 986 1132 uitae
998 1092 1032 1133 est
1044 1091 1062 1144 1,
1073 1091 1106 1133 23.

660 1162 773 1206 Ciceronis
787 1163 896 1205 sententia
909 1162 1009 1205 laudatur
1021 1164 1054 1216 31,
1068 1164 1106 1214 78;

690 1235 820 1278 Ciceronem
831 1235 944 1277 tonantem
955 1234 1055 1278 confudit
1065 1235 1106 1278 Dei

689 1307 797 1362 sapientia
808 1308 919 1350 incarnata
929 1306 948 1349 Α
958 1309 977 1361 9,
988 1308 1035 1351 462.

659 1380 851 1423 Circumcelliones
870 1381 974 1433 martyres
993 1392 1037 1422 non
1055 1381 1106 1423 sunt

689 1453 722 1505 28,
739 1452 785 1494 256.

659 1523 732 1566 claues
745 1522 850 1565 ecclesiae
863 1521 969 1565 habemus
982 1524 1004 1566 et
1017 1535 1059 1565 nos
1073 1523 1104 1577 16,

688 1598 721 1639 56.

658 1668 739 1711 codicis
754 1667 921 1721 Guelierbytani
935 1669 1105 1722 40965011051-

687 1740 751 1782 diosa
767 1740 885 1794 descriptio
902 1740 910 1781 1
919 1752 956 1793 sq;
972 1739 1020 1782 cod.
1038 1739 1105 1782 Aure-

687 1812 791 1854 lianensis
816 1812 863 1865 154,
886 1811 938 1854 olim
961 1810 1104 1855 floriacensis

687 1885 758 1938 pili.

658 1957 792 2013 cogitatione
804 1956 856 1999 nihil
867 1956 971 2011 uelocius,
983 1957 1027 2000 alas
1039 1956 1106 2000 habet

688 2028 825 2072 incredibiles
841 2030 874 2081 33,
890 2030 942 2080 103;
957 2040 1023 2083 quare
1039 2029 1106 2071 liben-

687 2103 721 2145 ter
734 2103 825 2158 cogitas,
839 2101 899 2156 quod
912 2114 956 2145 non
968 2102 1003 2144 :uis
1017 2102 1105 2145 iacere?

687 2175 783 2228 33,107.

657 2247 749 2290 colimus
771 2247 849 2303 Deum,
871 2261 883 2289 a
904 2247 952 2290 Deo
974 2247 1064 2290 colimur
1086 2247 1103 2300 1,

687 2320 734 2362 282.

657 2392 833 2445 concupiscentia
860 2392 930 2434 carnis
952 2391 980 2434 ab
1001 2390 1102 2446 apostolo

195 2462 303 2503 nescimus
321 2462 340 2515 5,
352 2462 403 2512 124;
427 2461 527 2504 Christus
544 2473 614 2504 resur·
686 2466 800 2518 peccatum
812 2465 958 2518 1115113344.
970 2466 1002 2507 61.

195 2547 250 2589 gens
264 2535 310 2577 suis
323 2547 346 2577 55
358 2535 463 2589 ostendit,
477 2547 521 2577 non
536 2534 612 2577 alienis
656 2537 739 2580 consuli
763 2537 819 2580 solet
841 2537 868 2580 de
890 2537 957 2580 rebus
978 2537 1061 2580 dubiis:
1084 2538 1102 2579 si

196 2609 228 2661 10,
241 2609 278 2659 18;
289 2609 372 2660 natum,
383 2608 511 2650 crucifixum
523 2610 544 2651 et
555 2621 612 2651 mor·
686 2609 757 2652 adhuc
774 2610 872 2663 consulo,
889 2609 959 2652 adhuc
975 2609 1051 2652 dubito
1069 2611 1101 2662 27,

194 2683 255 2723 tuum
285 2681 395 2723 Christum
424 2681 562 2724 crediderunt
589 2683 611 2724 et
685 2682 732 2724 137.

195 2752 257 2794 amici
271 2754 292 2794 et
304 2753 395 2795 inimici:
408 2753 553 2796 resurrexisse
566 2765 611 2795 non
655 2753 770 2806 ,Conuersi
783 2753 810 2795 ad
823 2753 950 2796 Dominum‘
961 2754 982 2795 in
995 2753 1038 2796 fine
1051 2765 1101 2796 con·

196 2825 304 2865 nonerunt
325 2824 366 2866 nisi
386 2824 426 2866 soli
448 2824 511 2866 amici
530 2825 612 2878 12,15;
683 2825 749 2868 tionis
763 2826 854 2879 27,153.

193 2896 274 2938 Christi
287 2897 417 2939 resurrectio
432 2897 496 2940 nobis
510 2897 610 2940 determi-
654 2910 691 2940 cor
706 2898 741 2940 uel
755 2899 783 2940 sit
798 2898 825 2941 ad
841 2898 919 2952 Deum,
935 2909 999 2952 quarn
1013 2898 1050 2940 diu
1064 2910 1100 2940 ne·

192 2969 252 3010 natio
276 2968 328 3011 iidei
357 2971 390 3011 est
414 2971 510 3023 12,102;
541 2969 611 3012 torma
683 2984 744 3014 cesse
763 2973 797 3014 est
814 2974 838 3014 ut
855 2972 889 3014 hic
907 2973 934 3014 sit
951 2985 1012 3014 caro:
1028 2973 1099 3014 totum

193 3041 322 3084 christianae
340 3041 392 3084 iidei
410 3043 442 3095 12,
460 3044 484 3093 23
502 3044 523 3085 et
540 3055 610 3085 sacra·
683 3043 712 3086 ibi
733 3045 779 3098 erit,
799 3045 817 3087 si
837 3057 875 3087 cor
894 3044 922 3086 ibi
942 3046 976 3087 est
994 3045 1027 3096 30,
1048 3044 1099 3094 120;

193 3114 290 3154 mentum
302 3124 374 3155 nouae
385 3113 442 3156 uitae
454 3116 473 3167 9,
485 3115 524 3165 78;
536 3127 609 3156 ascen·
682 3128 710 3159 ne
728 3117 839 3171 putrescat
857 3118 878 3158 11
896 3118 958 3170 terra,
976 3116 997 3157 in
1015 3115 1098 3158 caelum

192 3185 280 3227 dentem
293 3184 404 3226 Christum
417 3185 555 3228 deduxerunt
566 3186 609 3228 dis·
682 3186 768 3230 leuetur
782 3189 801 3240 7,
816 3188 843 3229 67
848 3201 854 3239 ;
868 3188 901 3239 20,
917 3188 953 3238 14ς
968 3186 1019 3228 nihil
1032 3186 1098 3228 habet

191 3256 255 3311 cipuli
281 3256 349 3299 oculis
373 3257 418 3299 suis
442 3259 475 3311 23,
486 3259 524 3309 60;
550 3257 610 3311 quod
682 3259 749 3302 homo
762 3260 839 3302 melius
850 3259 915 3302 corde
927 3271 967 3301 suo
980 3261 1013 3312 20,
1025 3261 1058 3302 23,

193 3329 290 3372 ascendit
313 3342 325 3371 a
347 3329 417 3384 nobis,
451 3342 495 3372 101
518 3332 608 3373 recessit
651 3345 713 3375 cruce
733 3332 814 3375 Christi
832 3332 882 3375 lons
901 3332 1004 3386 baptismi
1021 3344 1098 3374 conse-

191 3401 291 3444 Christus
315 3415 327 3444 a
348 3401 412 3444 nobis
434 3403 466 3456 13,
489 3403 527 3454 663
548 3403 607 3446 unde
680 3406 752 3446 cratur
766 3406 785 3459 1,
800 3406 846 3448 248.
861 3406 913 3455 253;
928 3405 994 3447 5111515
1009 3405 1096 3460 signum

1039 3511 1093 3564 229
