2819 4040
653 299 672 342 S.
685 301 790 353 Augustini
803 304 895 343 tractatus

308 428 368 495 bus,
390 428 440 482 sed
459 444 493 482 ex
513 431 677 484 auctoritate
697 432 828 500 apostoli,
849 448 920 501 opus
941 433 984 485 est
1003 431 1084 486 uobis
1104 444 1241 485 commen-

308 511 374 564 dare
397 515 425 565 et
446 513 595 580 insinuare,
619 513 686 581 quid
709 516 746 568 sit
770 511 847 583 quod
870 516 1013 583 accepistis
1036 514 1081 568 uel
1104 514 1240 582 accepturi

307 597 383 649 estis.
409 595 478 650 Ecce
494 597 616 651 breuiter
633 598 727 652 audite
744 600 912 667 apostolum,
931 601 1014 653 immo
1033 597 1175 652 Christum
1192 613 1241 665 per
1248 606 1273 645 ³0

308 680 476 748 apostolum,
487 682 523 734 de
532 684 705 735 sacramento
715 699 827 737 mensae
837 685 992 738 dominicae
1003 682 1079 750 quod
1090 684 1139 736 ait:
1149 681 1241 736 Unus

307 764 412 830 paniS,
429 780 523 818 unum
538 781 666 833 corpus,
683 766 774 819 multi
790 783 907 825 sumus.
930 767 1000 822 Ecce
1015 768 1104 820 totum
1119 768 1170 833 est,
1185 768 1241 819 cito

307 847 376 901 dixi:
392 848 443 900 sed
457 849 607 917 appendite
618 849 715 916 uerba,
730 850 818 904 nolite
833 867 984 906 numerare.
1006 849 1034 903 Si
1048 850 1134 903 uerba
1148 865 1241 903 nume·

307 932 383 998 ratis,
395 933 480 986 breue
492 936 545 999 est3
558 936 581 986 si
594 934 766 1002 appenditis;
778 936 885 1002 grande
897 938 948 989 est.
967 934 1047 989 Unus
1060 935 1148 1002 panis,
1161 934 1240 987 dixit.

306 1014 455 1084 Quotquot
478 1017 517 1070 ibi
539 1033 624 1085 panes
648 1019 733 1084 positi
758 1018 870 1086 fuerint,
894 1035 965 1073 unus
989 1020 1080 1086 panis:
1105 1020 1271 1086 quotquotau

154 1106 299 1191 ss”2},2,³,”,},{,¹¹⁰,‘,¹{‡
307 1116 392 1167 panes
413 1101 518 1154 fuerint
536 1104 564 1154 in
584 1103 719 1156 altaribus
739 1102 846 1157 Christi
866 1105 950 1157 hodie
970 1120 1019 1171 per
1037 1105 1126 1156 totum
1145 1101 1240 1155 orbem

153 1203 298 1233 arimann-
306 1187 449 1253 terrarum,
460 1189 621 1254 unuspanis
632 1189 682 1240 est.
699 1185 755 1240 Sed
766 1188 834 1254 quid
845 1191 895 1254 est,
905 1203 977 1241 unus
987 1188 1087 1255 panis?
1104 1185 1241 1253 Exposuit

196 1259 252 1281 'mm'
307 1268 482 1324 breuissime:
504 1270 606 1323 Unum
622 1287 739 1338 corpus
756 1273 847 1325 multi
864 1288 980 1325 sumus.
1005 1271 1068 1325 Hoc
1084 1272 1165 1339 panis
1181 1285 1240 1324 cor·

306 1368 358 1420 pus
382 1353 496 1421 Christi,
517 1356 552 1407 de
574 1370 629 1422 quo
651 1356 719 1408 dicit
741 1357 895 1423 apostolus
918 1356 1064 1423 alloquens
1085 1355 1239 1408 ecclesiam:

305 1437 371 1491 Vos
385 1440 488 1491 autem
501 1441 581 1492 estis
594 1454 710 1506 corpus
724 1439 849 1493 Christi
864 1442 894 1493 et
907 1439 1053 1493 membra.
1073 1438 1159 1501 Quod
1173 1440 1272 1492 acci-io

307 1522 381 1588 pitis
395 1538 447 1575 uos
460 1524 535 1590 estiS,
548 1523 637 1589 gratia
651 1538 705 1590 qua
717 1523 854 1591 redempti
867 1525 947 1588 estis3
960 1522 1142 1589 subscribitis,
1156 1537 1240 1590 quan·

152 1614 299 1700 aegaeam
306 1606 345 1658 do
362 1606 459 1658 Amen
475 1607 659 1674 respondetis
684 1607 747 1660 Hoc
763 1608 838 1675 quod
855 1608 965 1673 uidetis,
982 1609 1182 1660 sacramentum
1199 1608 1241 1659 est

153 1685 230 1750 accipiunt
249 1718 298 1741 saera·
306 1691 430 1744 unitatis.

187 1761 273 1814 ΜΨ
366 1775 391 1827 2.
407 1774 464 1827 lam
478 1775 541 1841 quia
554 1775 675 1828 breuiter
688 1775 770 1828 nobis
784 1774 1094 1841 insinuauitapostolus
1108 1772 1240 1841 quidhoc
1255 1784 1257 1789 ·

306 1860 387 1924 esset,
404 1859 579 1912 considerate
594 1858 664 1912 illud
680 1858 843 1927 diligentius
859 1861 886 1911 et
901 1859 1003 1925 uidete,
1020 1857 1162 1926 quomodo
1178 1857 1271 1910 fiatis

305 1938 460 2002 Quomodo
477 1941 513 1995 iit
528 1942 627 2009 panis?
649 1941 814 2008 trituratur,
832 1941 953 2008 motitur,
970 1959 986 1994 a
1002 1956 1194 2008 consparsura,
1212 1942 1240 1993 in

304 2027 426 2079 coctura:
440 2028 468 2079 in
479 2042 663 2094 consparsum
675 2027 832 2094 mundatur,
845 2029 955 2080 coctura
967 2026 1104 2079 firmatur.
1124 2024 1180 2079 Ubi
1192 2026 1239 2077 tri-

304 2112 365 2162 tura
381 2110 494 2175 uestra?
517 2110 579 2163 Hoc
595 2110 662 2163 facti
678 2111 757 2163 estis:
774 2112 836 2178 ipsa
851 2110 905 2163 fuit
922 2112 950 2163 in
966 2111 1084 2176 ieiuniiS,
1101 2111 1129 2162 in
1145 2109 1240 2161 obser-

303 2191 456 2257 uationibus
485 2195 513 2248 in
531 2195 644 2262 uigiliis
673 2197 701 2248 in
721 2196 888 2249 exorcismis.
914 2194 1107 2260 Molebamini‚
1127 2193 1239 2262 quando

305 2279 544 2333 exorcizabamini.
572 2278 768 2347 Consparsura
787 2296 844 2333 non
865 2280 901 2332 tit
921 2281 980 2331 sine
1002 2295 1084 2346 aqua:
1106 2280 1238 2345 baptizati
1247 2291 1271 2329 50

261 2376 297 2415 50v
304 2361 370 2415 estis.
383 2359 388 2433 Ι
402 2362 523 2417 Coctura
534 2364 652 2417 molesta
662 2366 712 2431 est,
724 2364 774 2417 sed
784 2364 870 2418 utilis.
884 2363 964 2427 Quae
975 2366 1017 2416 est
1028 2365 1101 2416 enim
1110 2364 1240 2416 coctura?

152 2437 383 2516 ssffissssssffffipssffsssslgnis
397 2449 599 2514 temtationum,
615 2449 674 2501 sine
690 2449 790 2515 quihus
805 2448 872 2500 haec
886 2448 944 2500 uita
959 2463 1014 2500 non
1030 2449 1079 2500 est.
1101 2446 1157 2499 Sed
1172 2462 1238 2514 quo-

184 2533 263 2572 ”fflt’httt
305 2532 391 2584 modo
406 2534 448 2584 est
461 2533 557 2585 utilis?
577 2531 633 2586 Vas
648 2532 747 2599 figuli
762 2532 894 2599 prohat
908 2532 1036 2598 fornax,
1051 2534 1081 2584 et
1094 2531 1239 2584 homines

305 2617 409 2669 iustos
423 2617 594 2683 temptatio
607 2616 840 2669 tribulationis,
862 2614 1014 2677 Quomodo
1029 2617 1119 2668 autem
1134 2616 1170 2668 de
1184 2616 1239 2667 sin-

304 2700 378 2767 gulis
395 2702 489 2767 granis
505 2702 533 2753 in
549 2715 634 2753 unum
650 2701 828 2766 congregatis
845 2701 873 2752 et
890 2699 1010 2766 quodam
1027 2699 1112 2752 modo
1129 2698 1270 2752 sibimet55

304 2785 503 2851 consparsione
518 2785 674 2836 commixtis
690 2783 726 2836 fit
740 2799 812 2837 unus
829 2784 917 2850 panis
934 2785 973 2835 sic
988 2782 1024 2835 fit
1039 2797 1124 2836 unum
1139 2797 1239 2849 corpus

305 2867 412 2922 Christi
422 2868 570 2921 concordia
579 2869 711 2921 caritatis
729 2866 816 2930 Quod
827 2869 917 2920 autem
928 2866 1011 2920 habet
1022 2882 1122 2934 corpus
1133 2864 1238 2919 Christi

304 2953 331 3004 in
347 2953 452 3018 granis
467 2951 519 3005 hoc
534 2953 648 3018 sanguis
664 2953 692 3004 in
708 2951 812 3027 acinis:¹
828 2953 933 3003 namet
947 2952 1043 3003 uinum
1058 2951 1093 3002 de
1109 2965 1239 3017 pressura

303 3037 368 3102 exit,
384 3037 411 3088 et
426 3035 501 3102 quod
516 3036 543 3087 in
558 3037 652 3088 multis
668 3034 831 3102 singillatim
846 3037 912 3100 erat,
928 3036 955 3087 in
970 3049 1055 3087 unum
1069 3033 1196 3099 confluit,
1211 3035 1239 3086 et

303 3119 339 3172 iit
350 3121 454 3173 uinum.
470 3118 545 3185 Ergo
556 3121 583 3171 et
595 3121 622 3171 in
634 3135 705 3186 pane
716 3121 744 3171 et
755 3120 783 3170 in
794 3118 878 3171 calice
890 3119 1051 3185 mysterium
1062 3120 1104 3169 est
1115 3118 1270 3174 unitatisoo

362 3204 388 3257 3.
407 3201 494 3266 Quod
511 3205 600 3255 autem
618 3203 736 3256 audistis
754 3202 790 3256 ad
807 3218 930 3255 mensam
947 3202 1064 3268 domini,
1081 3200 1238 3254 Dominus

152 3319 228 3351 nonna
243 3287 483 3354 „onauobiscum
498 3287 549 3339 hoc
563 3290 589 3340 et
604 3288 716 3355 quando
731 3288 766 3340 de
781 3286 879 3340 abside
894 3287 1047 3339 salutamus
1062 3285 1153 3338 dicere
1167 3285 1238 3339 sole·

202 3376 242 3399 “th
302 3388 372 3439 mus,
386 3375 414 3424 et
426 3372 671 3439 quotienscumque
684 3385 795 3424 oramus
808 3371 860 3423 hoc
873 3370 1002 3423 dicimus:
1016 3368 1143 3437 quiahoc
1156 3369 1237 3423 nohis

302 3490 337 3543 26
