2819 4040
639 302 658 342 S.
667 302 771 353 Augustini
783 304 874 343 tractatus
888 302 911 342 n.

311 426 423 493 factum,
438 428 500 480 toto
515 429 653 495 spectetur
667 430 734 482 orbe
749 432 892 485 terrarum,
915 429 944 483 Si
959 433 1024 484 tunc
1039 429 1079 483 illi
1096 428 1171 497 quod
1185 443 1244 482 cru·

311 509 410 562 deliter
423 510 548 564 fecerunt
561 512 678 565 libenter
690 513 833 581 uidebant,
847 517 951 582 quanto
966 514 1096 566 libentius
1110 513 1186 580 quod
1199 514 1243 580 pie

310 593 447 646 credimus
469 595 607 648 mentibus
627 598 730 649 nostris
752 598 890 651 recolente
912 598 1044 651 memoria
1065 596 1245 649 reuocemus?

311 676 339 729 Si
361 677 401 730 illi
421 694 482 731 cum
502 679 647 746 uoluptate
668 696 746 733 suam
768 683 918 734 cernebant
938 682 1119 748 iniquitatem,
1141 681 1244 747 quanto

311 763 399 828 magis
413 778 465 815 nos
478 763 595 816 salutem
610 766 733 816 nostram
746 766 923 818 recordemur
935 781 996 818 cum
1009 763 1133 831 gaudio?
1150 763 1181 816 ln
1195 762 1244 815 illo
1253 777 1276 817 15

310 844 412 912 quippe
427 860 484 898 uno
499 846 575 899 facto
589 848 746 913 praesentia
762 848 873 901 illorum
888 849 991 901 scelera
1005 847 1180 912 notabantur,
1195 846 1245 898 sed

311 930 407 981 nostra
425 930 508 982 etiam
526 930 619 983 futura
637 930 810 985 delebantur.
833 931 961 1000 Denique
979 932 1026 984 ubi
1045 931 1155 984 illorum
1173 947 1246 984 com·

311 1013 395 1065 missa
411 1012 537 1066 facinora
551 1015 729 1081 detestamur,
745 1015 783 1067 ibi
798 1018 893 1069 nostra
909 1016 1025 1069 dimissa
1040 1015 1181 1068 laetamur.
1201 1013 1245 1067 llli

311 1098 516 1163 perpetratores
535 1099 694 1165 impietatis
713 1114 764 1151 nos
782 1099 967 1152 celebratores
986 1099 1181 1152 solemnitatis:
1205 1096 1245 1149 illi

310 1183 472 1248 congregati
488 1184 552 1235 sunt
567 1184 732 1248 saeuientes,
748 1199 799 1235 nos
815 1184 991 1236 obedientes:
1011 1183 1051 1235 illi
1068 1183 1177 1250 perditi,
1194 1191 1278 1235 nos20

312 1265 428 1318 inuenti:
449 1265 621 1332 illi'uendith
638 1282 690 1318 nos
706 1266 855 1333 redempti:
877 1267 917 1319 illi
934 1267 1097 1334 spectabant
1113 1266 1246 1319 insultan-

311 1351 362 1414 teS,
380 1365 431 1402 nos
447 1353 611 1403 uenerantes
628 1350 786 1405 adoramus,
808 1351 876 1404 ldeo
893 1350 1023 1404 Christus
1040 1350 1190 1403 crucifixus
1207 1352 1246 1402 in-

313 1431 448 1486 lidelibus
464 1436 507 1486 est
522 1433 684 1486 scandalum
700 1435 728 1486 et
744 1435 870 1500 stultitia,
889 1435 970 1487 nobis
989 1435 1079 1486 autem
1096 1433 1140 1486 dei
1157 1434 1245 1486 uirtus
1261 1460 1262 1464 κ

312 1519 340 1569 et
354 1516 399 1569 dei
413 1518 560 1584 sapientia:
578 1517 630 1570 hoc
644 1519 687 1569 est
701 1519 773 1570 enim
789 1517 859 1570 illud
874 1517 1017 1570 infirmum
1031 1517 1085 1583 dei,
1101 1517 1175 1585 quod
1189 1516 1247 1570 tor-

312 1600 367 1652 tius
385 1602 427 1653 est
443 1600 610 1667 hominibus,
628 1603 655 1653 et
671 1601 786 1653 stultum
804 1602 858 1667 dei,
877 1602 953 1668 quod
970 1602 1123 1668 sapientius
1140 1602 1183 1653 est
1199 1599 1278 1653 ho-as

312 1683 441 1738 minibus.
464 1682 518 1741 Res
534 1687 698 1738 consecutae
714 1684 815 1737 clarius
833 1686 886 1737 ista
904 1686 1065 1737 docuerunt.
1090 1683 1162 1736 Nam
1180 1684 1247 1751 quid

312 1770 377 1820 tunc
394 1768 515 1821 habebat
531 1769 622 1822 rabies
641 1770 823 1835 inimicorum,
842 1769 895 1821 nisi
913 1771 944 1822 ut
962 1768 1104 1821 auferrent
1121 1768 1156 1820 de
1173 1770 1247 1821 terra

313 1854 474 1905 memoriam
492 1854 571 1907 eius?
591 1851 646 1905 Sed
665 1851 712 1905 ille
730 1852 765 1905 ab
783 1868 840 1906 uno
858 1852 964 1920 populo
982 1852 1140 1918 crucifixus
1159 1854 1187 1904 in
1204 1853 1247 1905 tot

312 1937 479 2003 populorum
493 1941 535 1990 est
546 1937 677 1989 cordibus
688 1938 867 2001 constitutus3
883 1940 910 1989 et
922 1938 967 2004 qui
978 1939 1042 1989 tunc
1054 1936 1088 1988 ab
1100 1951 1154 1988 una
1164 1937 1247 2002 gente

313 2021 498 2088 occidebatur,
514 2037 586 2074 nunc
601 2022 635 2074 ab
651 2021 780 2075 omnibus
795 2021 925 2088 gentibus
942 2021 1081 2073 adoratur.
1106 2019 1141 2072 Et
1155 2024 1247 2072 tamen
1255 2032 1279 2070 30

312 2120 369 2157 non
382 2105 473 2157 solum
486 2107 558 2171 tunc,
570 2121 666 2158 uerum
680 2107 762 2158 etiam
775 2120 846 2157 nunc
856 2105 928 2157 caeci
941 2105 1045 2171 legunt,
1058 2106 1085 2157 et
1097 2103 1174 2156 surdi
1186 2118 1248 2155 can-

162 2202 276 2258 csamusxu
289 2189 381 2254 intent,
400 2188 476 2254 quod
492 2203 560 2240 uoce
577 2187 738 2255 prophetica
756 2187 881 2240 futurum
898 2188 977 2240 tanto
995 2189 1059 2239 ante
1076 2185 1247 2253 praedictum

161 2250 367 2330 llllsswlescllllffsssest:
386 2271 551 2324 Foderunt
566 2287 676 2324 manus
693 2287 777 2324 meas
794 2274 823 2324 et
840 2272 938 2338 pedes
954 2288 1052 2337 meos,
1069 2272 1249 2324 dinumera·

314 2358 428 2408 uerunt
446 2357 551 2408 omnia
568 2371 642 2408 ossa
660 2372 735 2409 mea.
756 2356 821 2422 lpsi
840 2359 943 2408 autem
961 2356 1250 2408 considerauerunt

235 2456 269 2494 ror.
282 2455 372 2493 rome:
387 2441 570 2493 diuiserunt
583 2441 645 2492 sibi
659 2441 853 2493 uestimenta
863 2435 961 2509 llmea‚
976 2443 1006 2493 et
1020 2456 1115 2507 super
1127 2444 1278 2494 uestemas

315 2540 413 2576 meam
431 2525 586 2578 miserunt
603 2527 730 2577 sortem.
756 2524 834 2576 llaec
852 2526 923 2576 sicut
941 2526 969 2576 in
987 2523 1095 2590 psalmo
1114 2539 1249 2590 praenun-

315 2610 383 2662 tiata
402 2611 473 2675 sunt,
491 2611 528 2662 ita
547 2612 574 2662 in
593 2609 740 2676 euangelio
759 2609 889 2676 leguntur
907 2608 1032 2676 impleta:
1051 2608 1101 2661 sed
1119 2611 1183 2660 tunc
1200 2624 1249 2675 per

315 2708 413 2745 manus
424 2693 589 2746 ludaeorum
598 2693 695 2760 fiebat,
707 2693 783 2761 quod
793 2708 888 2746 eorum
899 2707 979 2746 aures
990 2694 1109 2746 inaniter
1118 2692 1249 2746 feriebat:

315 2780 342 2829 et
358 2778 453 2844 passio
469 2778 574 2840 domini
590 2778 756 2845 prophetata
772 2779 876 2844 quanto
893 2778 983 2829 minus
1001 2777 1034 2830 ab
1051 2777 1090 2829 eis
1107 2776 1249 2843 intellege-

314 2861 404 2926 batur,
417 2862 496 2913 tanto
509 2861 653 2913 efficacius
666 2860 844 2927 implebatur3
858 2875 930 2913 nunc
942 2876 1010 2913 uero
1023 2862 1050 2912 et
1064 2861 1159 2927 legunt
1172 2872 1281 2927 prae-lo

314 2944 426 3011 dictum,
443 2946 470 2997 et
484 2947 638 3011 agnoscunt
652 2946 804 3011 impletum.
828 2943 863 2997 Et
879 2944 968 2997 adhuc
984 2944 1091 3011 eligunt
1106 2942 1248 2997 Christum

314 3044 424 3095 negare,
441 3029 577 3096 quianon
594 3031 712 3095 possunt
727 3029 843 3081 ulterius
860 3029 993 3082 occidere.

373 3114 397 3166 2.
421 3110 535 3165 Peiores
557 3116 646 3165 autem
669 3112 778 3165 ludaeis
801 3113 925 3166 heretici:
952 3129 1015 3165 nam
1035 3112 1075 3164 illi
1097 3111 1247 3177 Christum,

313 3212 395 3263 ‘quem
415 3213 471 3249 non
490 3197 635 3263 aspiciunt,
654 3200 768 3263 negant;
788 3198 842 3263 isli,
863 3212 944 3264 quam
963 3197 1068 3262 uident,
1088 3196 1147 3248 eius
1166 3195 1249 3248 eccle-

314 3282 383 3333 siam
394 3283 567 3348 oppugnant.
585 3280 642 3333 Nec
652 3281 742 3333 solum
754 3282 815 3333 istis
828 3280 939 3333 ludaeis
950 3281 997 3347 qui
1007 3280 1094 3333 modo
1105 3278 1248 3333 Christum
1256 3294 1280 3330 rs

314 3367 425 3434 negant,
444 3379 539 3420 uerum
558 3365 640 3417 etiam
660 3364 716 3416 illis
736 3366 781 3432 qui
803 3380 865 3417 eum
884 3364 1044 3417 occiderunt
1064 3363 1248 3416 miserabilius

316 3483 347 3536 12
