2819 4040
421 296 451 336 De
464 297 528 337 natale
541 309 567 338 ss.
576 298 684 349 Perpetuae
697 300 716 339 et
729 299 831 339 Felicitatis

161 422 188 474 et
204 420 309 475 crudeli
325 424 515 478 misericordia
530 426 682 481 uiolentus!
700 426 754 481 Cui
770 429 862 481 tamen
879 425 927 480 1111
944 438 1094 493 numquam

159 506 358 561 contumaciter
382 509 554 577 superbeque
578 512 735 579 respondit:
760 528 823 566 nam
849 514 876 565 et
901 527 952 580 pro
978 509 1093 564 Christo

159 604 252 657 passa,
270 592 297 644 et
313 607 364 659 pro
381 591 496 646 Christo
511 610 648 662 conpassa
665 599 714 650 est.
739 596 813 650 Huic
828 596 996 662 inhaerebat,
1013 593 1092 649 illum

160 671 286 738 dolebat;
302 690 351 727 nec
364 677 534 742 agnoscendi
549 681 692 746 sanguinis
706 679 855 732 humanum
870 679 990 747 negabat
1005 677 1092 732 11111-

128 758 226 823 astum,
245 772 295 810 nec
310 758 457 813 tundendo
475 763 637 828 sanguinem
654 764 780 816 diuinum
797 763 931 831 perdebat
947 763 1090 817 effectum.
1109 806 1235 842 „mmm

161 838 197 892 Et
215 841 308 893 tamen
328 842 355 895 in
375 844 438 909 ipso
458 843 645 899 tribulationis
665 847 780 899 exordio
800 848 889 914 magis
908 862 937 899 se
958 846 992 900 ab
1012 847 1091 899 aestu
1111 854 1158 891 1111
1167 853 1231 909 affara

159 923 346 978 anxietudinis
361 926 542 993 refrigerasse
556 929 626 982 dixit
640 931 726 997 patris
741 931 874 984 absentia.
890 930 954 983 Non
969 933 1028 983 erat
1041 901 1242 982 11111111111111111.

159 1022 305 1060 aerumnae
322 1009 491 1077 consolator,
509 1012 559 1064 sed
575 1029 693 1066 coronae
709 1014 862 1067 dissuasor.
885 1012 942 1067 ¹hut
957 1029 1024 1067 uero
1041 1013 1090 1066 illa

159 1108 216 1145 non
235 1092 423 1161 intellegebat,
442 1111 491 1162 per
508 1098 585 1149 cuius
604 1098 749 1164 carnalem,
761 1113 882 1151 amorem
901 1113 991 1151 secum
1010 1100 1089 1166 spiri-

127 1187 151 1225 ao
159 1176 223 1230 talis
245 1177 422 1231 aduersarius
440 1179 598 1248 dimicabat,
619 1182 782 1235 insidiosius
803 1196 897 1248 agens,
918 1183 963 1249 qui
982 1184 1089 1251 patrem

159 1260 329 1328 opponebat,
343 1262 371 1314 in
385 1275 440 1329 quo
454 1263 576 1317 latebat?
591 1264 627 1317 Et
640 1266 704 1318 ideo
718 1266 770 1317 iste
782 1264 938 1331 dolebatur,
953 1264 998 1317 ille
1011 1280 1089 1319 caue-

158 1344 250 1411 batur3
264 1346 396 1412 quoniam
407 1348 485 1400 casto
497 1347 581 1401 corde
595 1347 725 1405 Christus
738 1348 883 1402 amabatur
894 1349 921 1400 et
932 1349 1087 1402 timebatur.

160 1428 271 1483 inerant
283 1431 366 1482 etiarn
378 1431 406 1483 in
420 1430 635 1498 adolescentula,
649 1434 753 1500 quanto
765 1430 912 1484 uiridiores
926 1433 998 1498 anni,
1010 1434 1088 1485 tanto

159 1512 195 1565 ad
206 1525 328 1567 amorem
338 1514 439 1568 saeculi
451 1515 595 1570 fluxiores.
607 1516 679 1570 Nam
688 1516 789 1583 uiginti
798 1515 871 1568 duos
882 1515 981 1582 agebat
992 1531 1088 1584 annos,

126 1598 205 1651 1511111
218 1601 315 1665 posset
326 1600 417 1667 putari
430 1600 519 1653 maior
531 1600 626 1654 feruor
637 1600 728 1654 carnis
741 1614 823 1667 quam
835 1598 946 1652 diuinae
959 1600 1088 1653 caritatis,

160 1681 195 1734 Et
211 1681 263 1736 hos
280 1680 386 1736 Christi
401 1685 492 1753 gratia
508 1684 658 1751 superauit.
677 1682 744 1736 Erat
760 1684 834 1735 enim¹
849 1681 897 1735 illa
914 1681 958 1735 dei
975 1681 1087 1749 famula,

158 1766 282 1819 nondum
300 1766 424 1834 legitima
440 1769 538 1835 aetate,
556 1767 606 1820 sed
623 1767 747 1834 perfecta
763 1767 877 1834 pietate:
894 1765 1011 1833 proinde
1026 1782 1089 1820 con-

157 1851 251 1903 temsit
262 1850 404 1904 nouellum
413 1866 514 1918 corpus
526 1850 638 1904 nouella
648 1851 746 1918 uirtus,
758 1865 887 1904 exercens
897 1851 970 1902 uires
982 1851 1088 1903 iuuenis

157 1933 286 2001 hominis,
309 1935 353 1988 cui
375 1937 501 1988 uetustas
525 1951 581 1988 non
606 1936 736 1988 metuitur
759 1935 915 1987 senectutis.
947 1933 1089 1986 Pendebat

125 2020 240 2072 raetiam
258 2019 418 2072 iuuenculae
435 2020 561 2072 mammis
578 2018 711 2088 paruulus
728 2018 818 2071 lilius:
835 2032 920 2085 graue
935 2030 1002 2070 sane
1019 2032 1088 2071 onus

157 2104 297 2156 maternae
312 2117 392 2156 curae
407 2103 512 2170 pectori
527 2102 669 2169 haereb=at;
685 2103 736 2156 sed
750 2118 798 2155 cor
813 2119 828 2155 a
843 2100 957 2155 Christo
973 2118 1028 2154 non
1043 2101 1088 2154 de-

156 2187 287 2254 ponebat.

216 2271 241 2325 3.
262 2271 392 2324 Felicitas
410 2274 501 2324 autem
520 2273 602 2324 etiam
621 2270 738 2338 grauida
756 2270 954 2337 conprehensa,
972 2269 1088 2337 grauida

156 2355 262 2408 inclusa
283 2358 337 2408 est:
358 2356 385 2409 in
405 2358 507 2408 'octauo
528 2371 622 2409 mense
642 2358 737 2408 uterus
758 2354 823 2420 tuit3
845 2355 933 2407 maior
954 2354 1032 2408 labor
1053 2354 1087 2406 ad

124 2437 279 2491 resarcinam
304 2439 505 2506 sustinendam,
525 2440 616 2493 maius
634 2435 639 2509 Ι
655 2439 807 2508 periculum
829 2438 865 2492 ad
886 2439 1086 2505 exponendam.
1097 2449 1141 2489 151v

157 2525 193 2579 Et
204 2527 296 2579 tamen
308 2527 346 2578 sic
358 2526 454 2579 adiuta
466 2532 508 2578 est
519 2528 578 2579 suis
587 2526 781 2592 sociorumque
791 2524 975 2590 orationibus,
987 2527 1017 2577 ut
1027 2540 1087 2593 par·
1125 2535 1208 2565 Felicitatis

155 2612 213 2662 tum
224 2624 286 2662 com
299 2610 388 2663 salute
401 2611 467 2662 tunc
478 2609 579 2675 ederet,
597 2607 702 2677 quando
719 2611 846 2662 abortum
859 2610 921 2661 sine
932 2610 1019 2661 morte
1031 2624 1086 2661 non
1106 2583 1226 2669 111111ῗῖἶηῖ

155 2696 260 2761 posset.
277 2692 469 2761 Quamuisque
484 2710 513 2746 se
529 2694 618 2747 noluit
634 2694 670 2746 ad
685 2705 789 2746 nonum
803 2692 848 2746 uel
863 2692 999 2745 decimum
1015 2708 1087 2745 men·
1121 2678 1209 2716 3¹⁰¹³⁰⁵¹⁰¹·

155 2793 213 2831 sena
237 2776 380 2831 Christum
400 2777 532 2845 negando*
551 2777 679 2845 differre,
702 2778 784 2830 etiam
807 2778 830 2830 si
852 2777 987 2830 inmature
1008 2778 1087 2828 enixa

124 2878 148 2915 so
155 2863 316 2928 moreretur,
335 2864 440 2914 mature
457 2863 549 2915 tamen
566 2860 697 2915 confessa
714 2862 902 2931 coronaretur,
921 2863 1029 2913 seruata
1046 2861 1087 2911 est

154 2946 245 2997 tamen
259 2947 324 3012 post
334 2946 469 2998 recentem
481 2948 589 3012 partum
601 2944 706 2997 femina
717 2946 885 3011 pugnatura;
896 2945 964 2996 utet
976 2944 1002 2995 in
1014 2943 1086 2996 fero-

154 3028 231 3080 cibus
249 3028 346 3080 bestiis
365 3044 396 3081 ac
413 3028 597 3081 ferocioribus
615 3028 703 3081 turbis
720 3029 805 3081 etiam
822 3028 956 3095 languido
972 3042 1087 3094 corpore

154 3111 298 3164 diabolum
318 3113 469 3179 superaret,
488 3113 516 3164 et
533 3112 643 3164 hostem
660 3127 742 3164 carne
761 3110 850 3164 tracta
868 3110 918 3164 sed
936 3110 995 3163 lide
1014 3110 1087 3162 ireta

153 3197 350 3263 prosterneret.

122 3294 146 3332 55
213 3280 239 3334 4.
251 3279 471 3333 Tribulationem
483 3282 675 3333 saeuissimam
687 3281 714 3333 et
725 3281 906 3333 nouissimam
918 3278 1013 3331 mundi
1024 3294 1085 3331 curn

154 3365 284 3418 dominus
295 3364 513 3432 praenuntiaret:
524 3364 598 3431 Vae,
610 3365 706 3432 inquit,
718 3364 972 3433 praegnantibus
983 3366 1013 3417 et
1024 3364 1086 3416 lac-

1036 3482 1086 3535 197
