2819 4040
676 382 773 423 Praelatio

258 510 335 565 uelut
347 508 490 578 egregium
503 504 634 559 eeclesiae
647 505 795 563 Africanae
808 525 874 577 erga
887 510 1021 577 martyres
1035 482 1193 560 Thuburbi-

258 597 340 648 tanos
368 591 480 661 pictatis
508 594 715 646 monumentum
742 596 769 647 in
797 592 987 663 Appendicem
1014 589 1192 645 referendam

257 679 360 745 censui,
380 678 452 730 inter
470 672 664 738 Quoduultdei
683 679 805 747 episcopi
825 678 960 746 opuscula
977 679 1005 732 et
1025 679 1115 745 ipsam
1134 674 1192 729 for-

258 765 332 816 tasse
349 758 501 827 aliquando
517 758 725 818 conlocandam.

286 882 380 928 [xxxi.
393 880 408 924 r.
422 868 478 922 152V
493 878 605 923 merem
615 881 694 928 runc
708 915 713 926 .
725 884 765 926 oe
776 882 876 927 aaran
888 917 893 926 .
905 881 1044 929 semeron
1058 916 1062 926 .
1075 880 1191 927 uteris

317 953 383 999 RUM
396 987 401 997 .
415 951 546 995 Memoriam
562 956 678 1008 martyrum
692 955 827 999 celebramus
841 989 847 999 .
860 955 936 999 laudes
952 967 1006 1011 ergo
1022 958 1190 1009 martyrum...

317 1026 373 1069 festa
393 1027 512 1078 martyrum
531 1024 665 1070 celebrantes
685 1029 707 1071 in
726 1029 845 1073 sobrietate
864 1028 942 1071 mentis
956 1063 961 1073 ,
974 1040 1019 1070 non
1041 1028 1064 1070 in
1084 1026 1189 1070 ebrietate

316 1097 415 1142 uentris.
435 1095 501 1139 simul
510 1096 553 1139 deo
565 1098 674 1151 placentes
687 1134 692 1145 .
707 1113 770 1143 amen
784 1133 789 1144 .
804 1100 878 1143 EXPl.¹
891 1132 896 1142 .
908 1098 989 1144 Tunc
1002 1131 1006 1141 .
1019 1099 1059 1142 DE
1069 1098 1170 1143 learnt
1183 1130 1189 1141 .

314 1168 503 1214 SANCTORUM
517 1169 688 1216 MARTYRUM
701 1209 706 1219 .
719 1173 727 1215 1
742 1206 747 1217 .

316 1258 412 1312 Sermo
426 1256 544 1326 August.
559 1259 601 1313 ol.
616 1276 676 1315 cum
690 1262 790 1315 eodem
803 1260 920 1315 exordio
934 1259 1087 1333 iisdemque
1100 1262 1188 1315 uarie·

256 1342 360 1397 tatibus
373 1345 455 1410 atque
468 1343 496 1395 in
509 1342 675 1411 Vigneriano
688 1346 895 1414 supplemento:
908 1343 945 1398 ct.
958 1343 1056 1411 Migne
1068 1344 1112 1412 38,
1125 1345 1187 1413 425,

255 1429 312 1481 not.
329 1427 352 1481 1.

284 1537 479 1593 LXXXll.t.153V
494 1548 603 1593 lNClPlT
617 1550 696 1597 Tunc
709 1582 714 1593 .
729 1550 769 1593 DE
782 1511 883 1593 uarat*
896 1580 901 1590 .
914 1545 1101 1593 ancromm
1115 1548 1188 1593 MAR-

315 1620 422 1665 TYRUM
436 1655 441 1666 .
455 1621 473 1663 ll
487 1655 492 1666 .
509 1621 661 1666 Beab'iicamus
677 1624 782 1676 martyres
798 1623 887 1664 sanctos
897 1632 956 1675 prae
970 1620 1048 1663 ceteris
1063 1619 1189 1663 hominibus

315 1727 320 1737 .
335 1725 340 1736 .
354 1725 360 1735 .
374 1692 413 1736 sed
428 1692 555 1739 maledictus
570 1696 641 1738 omnis
657 1696 696 1749 qui
709 1707 772 1750 spem
788 1702 853 1736 suam
868 1692 931 1750 ponit
945 1694 967 1735 in
983 1691 1071 1735 homine
1086 1725 1091 1735 .
1105 1704 1168 1736 amen
1183 1725 1188 1735 .

315 1764 389 1808 EXPD
401 1800 406 1810 .
420 1765 500 1811 TRAC
513 1800 518 1811 .
533 1766 572 1810 ΒΕ
585 1767 684 1810 ΝΑΤΑΙΞ
697 1800 702 1810 .
715 1765 857 1811 SANCTOR
871 1798 875 1806 .
889 1762 1062 1812 MARTYRUM
1076 1796 1081 1807 .
1095 1763 1113 1805 ll
1128 1796 1133 1805 .

254 1858 256 1868 '
316 1854 424 1908 lnedita
443 1871 474 1908 ae
492 1855 674 1923 pulcherrima
692 1856 728 1909 de
746 1857 843 1923 primis
862 1854 989 1907 uersibus
1011 1853 1114 1906 Psalmi
1135 1853 1186 1906 145

255 1940 356 1992 oratio:
372 1940 399 1992 in
413 1955 466 2007 qua
481 1942 532 1993 etsi
546 1957 589 1993 me
603 1939 738 1993 nonnulla
752 1940 842 2006 prima
855 1939 947 2005 specie
961 1936 1144 2003 offenderint,
1158 1940 1189 1990 ut

255 2024 397 2077 insolitum
415 2024 528 2077 uerbum
547 2024 719 2092 experibor
738 2040 768 2077 ac
786 2024 898 2090 saepius
916 2022 1033 2090 repetita
1051 2023 1188 2075 sententia

254 2123 334 2161 unus
347 2110 457 2161 contra
470 2124 575 2175 unum,
590 2112 740 2176 postquam
752 2110 846 2160 tamen
861 2122 893 2159 ea
907 2106 1047 2173 ipsissima
1061 2106 1088 2158 in
1102 2121 1187 2173 genu-

254 2192 307 2244 inis
329 2207 437 2260 quoque
456 2190 607 2259 'Augustini
628 2192 760 2261 operibus
781 2193 875 2245 extare
895 2189 1075 2258 deprehendi,
1096 2191 1187 2243 omnis

254 2276 307 2327 iam
324 2276 464 2329 exanimo
481 2276 626 2343 scrupulus
643 2278 787 2346 exemptus
803 2277 853 2328 est.
873 2274 964 2343 *Quod
980 2274 1054 2327 idem
1069 2273 1187 2327 dixerim

253 2363 288 2426 de
309 2364 394 2417 latina
414 2374 491 2430 quam
514 2363 692 2415 contionator
711 2362 831 2430 explicat
850 2364 979 2416 nersione
1000 2362 1186 2416 Psalmorum:

253 2449 379 2500 nimirum
401 2447 488 2500 nihilo
509 2464 542 2500 ea
563 2446 665 2500 differt
688 2464 704 2500 a
723 2446 878 2501 Veronensi
901 2446 1046 2514 Psallerio,
1069 2462 1186 2515 quocum

252 2529 437 2597 Augustinum
455 2530 617 2598 plerumque
634 2533 790 2584 consentire
808 2534 904 2584 notum
922 2534 972 2585 est.

281 2652 394 2696 LXXXlll.
408 2652 422 2696 f.
438 2653 478 2695 156
491 2652 602 2695 lNClPlT
615 2652 696 2699 Tunc
710 2685 715 2695 .
729 2653 770 2695 ΒΕ
782 2652 882 2696 ΝΑΤΑΙῘ
895 2685 899 2695 .
912 2652 1099 2698 anCTORUM
1112 2652 1186 2697 MAR-

310 2723 416 2768 TYRUNl
430 2758 435 2769 ,
449 2724 497 2768 lll.
518 2725 572 2767 Dies
592 2724 704 2769 sollemnis
723 2726 848 2768 sanderum
868 2730 986 2779 martyrum
1005 2725 1093 2769 debitus
1113 2737 1185 2768 senno

310 2830 315 2840 .
330 2808 435 2839 ..unum
454 2797 547 2851 pretium
566 2797 642 2842 datum
663 2800 696 2840 est
715 2810 755 2852 pro
774 2797 877 2841 omnibus
896 2796 961 2840 nobis
976 2830 980 2839 .
995 2805 1058 2840 amen
1073 2830 1078 2840 .
1093 2797 1184 2841 EXPL'.

310 2867 389 2913 mac
403 2903 407 2912 .
422 2868 461 2910 oe
474 2867 575 2936 Nauae
588 2903 593 2912 .
606 2857 796 2915 sanctonum
808 2868 980 2914 uterinum
994 2901 999 2913 .
1013 2870 1041 2912 111
1055 2902 1060 2912 .

310 2956 406 3034 Sermo
421 2955 540 3025 August.
556 2958 618 3025 325,
636 2958 778 3012 nonnullis
795 2960 823 3013 in
838 2959 962 3024 clausula
978 2961 1099 3027 mutatis,
1116 2975 1185 3027 quae

253 3041 429 3109 Hipponensi
439 3043 539 3108 uiginti
550 3042 705 3110 Martyrum
717 3045 875 3110 memoriae,
887 3046 914 3097 in
925 3058 979 3111 qua
990 3046 1080 3097 oratio
1090 3042 1184 3097 habita

251 3128 301 3193 est,
317 3126 398 3179 nimis
414 3127 527 3193 propria
543 3142 604 3180 esse
620 3126 795 3182 uidebantur.

281 3247 416 3293 LXXXlV.l.
426 3248 466 3290 157
484 3247 595 3290 lNClPlT
611 3247 706 3293 Tune.
719 3247 759 3292 ΒΕ
774 3247 985 3296 ORDINATIONE
1000 3248 1131 3294 EPISCOPl
1143 3283 1147 3293 .
1159 3250 1184 3292 l.

309 3320 384 3363 llodie
397 3319 480 3364 caritati
493 3322 582 3363 uestrae
594 3357 599 3367 .
612 3334 642 3364 ex
656 3333 700 3375 quo
714 3334 757 3364 nos
772 3321 827 3365 dens
842 3323 945 3379 dignatus
959 3324 994 3366 est
1006 3356 1011 3366 .
1025 3354 1031 3365 ·
1045 3354 1049 3364 ·
1064 3333 1185 3365 numeroso

309 3405 439 3448 possessore
452 3392 545 3446 amplius
558 3393 660 3439 dilatatur
673 3429 678 3439 .
692 3406 756 3437 amen
770 3428 775 3438 .
790 3394 864 3439 Expu
877 3427 882 3438 .
896 3394 976 3440 TRAC
989 3428 993 3437 .
1008 3393 1047 3438 ΒΕ
1059 3393 1185 3440 ORDINA-

310 3464 403 3508 TIONE
422 3464 554 3509 EPlSCOPl
568 3498 573 3509 .
588 3466 616 3509 l.
1129 3470 1130 3481 ¹

1088 3578 1185 3632 xxvll
