2819 4040
386 335 417 373 111.
431 334 492 373 tndex
504 332 610 373 uerborum
624 334 644 371 et
657 332 789 371 elocutionum

119 458 237 500 tartareum
252 470 290 500 cor
303 459 335 513 18,
346 460 379 502 27.
508 461 509 466 ’
607 468 622 501 u
633 471 669 510 pro
679 469 705 501 0:
718 458 848 515 agnuscant,
860 456 971 510 cumputo,
983 454 1057 498 nutue·

120 529 216 583 tendere,
239 533 305 572 absol:
327 532 354 574 ad
376 530 436 587 quod
457 530 568 588 gaudebat
637 533 693 586 runt,
711 530 843 585 symbulum.

151 599 316 653 diabotus,inde
324 601 353 645 illi
361 606 446 646 tensum
455 604 570 655 estante.
608 614 654 658 uas,
670 606 727 645 ablat.
742 616 802 656 uase,
819 615 873 646 uaso
889 602 908 645 A
922 604 941 656 9,
951 602 999 645 325.
1010 601 1057 643 326.

120 674 206 716 tenere:
224 673 348 727 symbolum
367 677 386 731 1,
396 677 444 720 300.
608 678 706 718 uastator
722 674 741 717 A
756 677 775 730 5,
786 677 805 719 ὁ.

121 745 248 788 terminare:
274 746 343 801 ipsam
370 748 568 804 (resurrectionem)
608 748 714 791 uenenosi
731 747 813 790 susurn'
829 748 906 801 3168.

152 817 301 872 euangelistae
324 818 409 875 scriptis
430 823 475 864 suis
498 821 570 864 tenni-
609 819 729 873 uenerales,
746 820 771 861 ut
788 820 818 862 ita
836 818 913 870 dicam,
932 818 1007 874 epulas
1025 819 1057 869 29,

152 892 260 933 nauerunt
275 891 307 946 12,
317 893 351 936 97.
638 892 687 935 231.

122 962 245 1005 terriculurn
260 963 279 1005 A
293 965 311 1019 2,
322 965 354 1007 69.
608 965 677 1017 uicus,
690 973 716 1006 us
731 963 750 1006 A
764 965 841 1016 1,17u.

122 1034 222 1090 tinguere
240 1037 269 1087 (=
285 1038 390 1089 baptizare)
409 1038 427 1091 1,
437 1037 490 1088 254;
506 1038 526 1089 7,
536 1037 570 1079 21.
608 1037 690 1090 uiuere,
703 1041 751 1088 part.
763 1039 798 1077 fut.
810 1035 917 1078 uiuiturus
930 1037 947 1088 1,
959 1036 1010 1086 2613
1025 1037 1057 1088 12,

122 1106 227 1159 tolerator
246 1108 279 1162 31,
291 1109 337 1151 125.
640 1109 673 1150 74.
685 1109 718 1151 80.
729 1107 763 1149 81.
776 1109 814 1158 83;
838 1109 871 1161 28,
882 1109 933 1159 2623
956 1111 979 1149 al.
991 1108 1059 1151 uictu-

123 1179 243 1236 transigere
263 1192 286 1221 se
302 1184 411 1224 :uictum
424 1194 517 1232 quaerere
537 1182 572 1232 33,
639 1192 676 1223 rus
691 1182 710 1235 3,
726 1182 764 1230 283
792 1181 825 1231 15,
840 1181 878 1231 50;
904 1181 937 1231 20,
952 1180 985 1223 92.

154 1251 200 1293 164.
608 1263 667 1295 unus
683 1266 719 1304 pro
733 1253 798 1294 uiuus
815 1252 834 1294 A
849 1253 869 1306 4,
879 1254 906 1295 92
921 1252 970 1295 adn.

123 1323 221 1378 transire,
240 1337 296 1374 pass:
315 1324 419 1368 transitus
438 1327 471 1368 est
490 1325 572 1379 pericu·
609 1335 703 1380 urguere
717 1325 750 1378 28,
764 1324 816 1374 117;
833 1324 868 1375 39,
881 1322 932 1374 1163
950 1322 999 1376 Au,
1013 1323 1058 1365 111.

154 1394 214 1437 tosus
226 1394 274 1438 dies
286 1397 318 1451 12,
329 1398 361 1440 72,

123 1468 273 1511 transuersus:
291 1468 319 1512 de
336 1470 462 1512 transuerso
479 1469 572 1512 claman-

154 1542 188 1583 tes
203 1541 236 1594 28,
247 1542 280 1583 52.

124 1612 200 1655 tritura
215 1614 234 1667 7,
245 1614 278 1655 47.

610 1516 625 1557 y
640 1517 676 1555 pro
691 1504 709 1546 i:
724 1502 847 1558 baptysma‚
863 1502 971 1556 baptysta,
985 1502 1061 1556 bapty-

642 1588 697 1629 zare,
707 1575 770 1628 cybo,
779 1574 944 1628 desyderamus,
955 1575 1014 1629 dyra,
1024 1586 1061 1628 pa-

572 1643 573 1646 ’
641 1647 740 1702 radysus,
752 1647 889 1702 Tyberiadis.

125 1766 140 1797 u
149 1769 185 1807 pro
195 1754 221 1799 b:
231 1765 322 1799 aceruos
331 1768 369 1808 pro
378 1755 476 1810 acerbos,
485 1756 573 1799 iuuente

155 1840 192 1878 pro
205 1826 300 1882 iubente,
312 1840 352 1870 ora
365 1828 409 1870 uidi
422 1842 458 1879 pro
469 1838 484 1870 o
496 1826 573 1879 rabidi,
612 1827 726 1882 zelotypia,
740 1830 792 1879 plur:
807 1827 843 1870 ubi
858 1826 1011 1885 aegritudines,
1025 1827 1061 1870 ubi

156 1900 256 1953 quamuis
274 1913 310 1951 pro
328 1911 393 1954 quarn
412 1899 452 1943 bis.
643 1899 757 1955 zelotipiae
770 1901 860 1956 12,141.
931 1944 932 1947 ,
