2819 4040
642 322 660 361 S.
675 322 779 372 Augustini
792 325 884 363 tractatus

314 457 427 503 <n0n>
440 458 555 499 escam:
570 446 710 499 nondum
725 450 807 501 enim
821 449 990 517 poteratis,
1005 446 1061 499 sed
1076 461 1130 500 nec
1144 446 1245 500 adhuc

313 530 459 597 potestis.
491 527 605 597 Diuido,
629 546 686 582 non
709 532 814 598 passim
837 534 950 601 proicio
981 530 1073 584 Huius
1096 547 1163 598 crgo
1187 531 1245 597 lupi

312 630 412 666 nomen
438 615 500 666 ouis
524 613 668 668 'Annanias
694 615 828 684 audierat,
855 620 882 671 et
906 619 976 670 inter
1000 630 1098 668 manus
1123 616 1245 683 pastoris

311 698 456 751 tremebat:
475 698 525 751 sed
545 717 560 752 a
577 699 644 767 lupo
661 702 786 766 terretur,
807 718 822 753 a
839 705 951 770 pastore
968 702 1058 754 autem
1075 698 1244 765 consolatur,

311 782 500 850 confirmatur,
511 787 700 838 conseruatur.
712 782 755 836 De
766 786 829 851 ipso
840 786 907 853 lupo
917 786 995 840 audit
1004 800 1047 837 res
1058 783 1243 850 incredibiles,
1252 797 1275 833 75

311 866 361 919 sed
374 868 491 920 ueritate
506 868 636 936 loquente
651 884 731 922 ueras
746 871 774 922 et
788 870 899 926 fideles.
921 870 997 935 Quid
1011 870 1083 922 enim
1098 867 1244 935 respondit

310 951 440 1004 dominus
457 950 603 1006 'An‘naniae
620 954 747 1005 trementi
766 953 870 1007 lamam
889 955 976 1022 Pauli,
995 953 1062 1022 quid
1079 951 1243 1020 respondit?

310 1034 383 1089 Sine
395 1052 487 1104 nunc,
499 1053 556 1091 uas
569 1039 739 1091 electionis
752 1039 800 1090 est
812 1038 888 1092 milri
901 1040 993 1093 homo
1006 1041 1078 1105 iste,
1091 1040 1125 1090 ut
1136 1039 1244 1104 portet

309 1136 421 1173 nomen
446 1137 546 1174 meum
570 1138 674 1174 coram
698 1122 850 1188 gentibus
875 1127 905 1177 et
929 1123 1067 1190 regibus.
1100 1120 1168 1188 Ego
1192 1120 1242 1174 illi

309 1203 488 1271 ostendam,
503 1207 620 1271 quanta
633 1220 700 1258 eum
713 1208 864 1272 oporteat
877 1210 943 1274 pati
956 1224 1013 1276 pro
1026 1207 1152 1260 nomine
1165 1218 1274 1258 melosa

310 1285 371 1354 Ego
384 1287 424 1340 illi
437 1290 594 1342 ostendam:
606 1305 662 1342 uox
674 1292 715 1342 est
727 1290 866 1356 minantis
879 1290 929 1343 sed
940 1301 1058 1348 cor<0>
1070 1305 1133 1342 nam
1144 1303 1242 1356 paran-

308 1372 353 1425 tis.
370 1370 498 1440 Denique
512 1373 559 1426 ille
573 1373 664 1427 factus
679 1390 712 1426 ex
726 1376 902 1441 persecutore
916 1374 1099 1442 praedicator,
1114 1388 1182 1440 quae
1198 1386 1241 1424 su-

309 1457 425 1510 stinuit?
456 1455 612 1511 Periculis
636 1459 666 1510 in
691 1459 780 1524 mari,
805 1459 959 1524 periculis
983 1460 1013 1510 in
1037 1457 1241 1522 fluminibuS,

309 1541 462 1607 periculis
483 1543 513 1593 in
534 1543 677 1608 ciuitate,
699 1541 853 1609 periculis
874 1543 904 1594 in
925 1543 1067 1608 deserto,
1088 1539 1241 1608 periculis

308 1626 338 1677 in
361 1625 457 1678 falsis
479 1626 647 1692 fratribus3
669 1627 698 1677 in
720 1626 831 1678 labore
852 1628 882 1678 et
902 1642 1041 1692 erumna,
1062 1627 1093 1678 in
1121 1623 1272 1692 uigiliisss

308 1709 429 1776 multis,
445 1711 475 1762 in
490 1710 573 1763 fame
588 1712 618 1762 et
632 1711 698 1777 siti,
713 1712 744 1762 in
759 1709 882 1777 frigore
897 1713 927 1763 et
941 1711 1099 1777 nuditate,
1114 1712 1145 1763 in
1160 1726 1241 1762 mor-

307 1793 393 1846 tibus
420 1796 560 1862 saepius,
586 1796 713 1863 praeter
739 1794 795 1846 illa
821 1809 900 1861 quae
926 1795 1129 1847 extrinsecus
1155 1796 1239 1859 sunt,

307 1879 454 1931 incursus
473 1880 504 1931 in
523 1895 568 1932 me
587 1878 805 1945 cotiddianus,
825 1877 1017 1931 sollicitudo
1035 1880 1173 1931 omnium
1193 1894 1240 1931 ec-

253 1962 485 2016 120lclesiarum.
518 1962 598 2026 Quis
625 1963 809 2015 infirmatur
835 1963 883 2025 etl
901 1979 964 2016 non
988 1978 1048 2030 ego
1073 1961 1239 2015 infirmor?

177 2052 277 2089 aumas
307 2045 387 2109 Quis
414 2046 662 2114 scandalizatur,
689 2050 718 2100 et
738 2062 799 2099 non
825 2057 884 2113 ego
909 2046 1003 2099 uror?
1030 2045 1099 2099 Ecce
1125 2047 1167 2099 est
1192 2044 1271 2098 illeso

153 2108 207 2136 passus
217 2102 243 2137 est,
252 2109 297 2138 quam

153 2132 475 2197 aaaseaclraapersecutor.
509 2129 615 2197 Patere,
646 2132 763 2183 sustine:
795 2130 857 2197 plus
889 2131 992 2198 pateris
1023 2145 1104 2197 quam
1136 2129 1238 2193 fecisti3

176 2197 275 2276 ξῖζῖζῷζῖξ,
307 2214 358 2267 sed
387 2214 445 2267 noli
474 2216 562 2282 irasci,
591 2230 689 2267 usuras
718 2214 855 2280 accepisti.
890 2213 945 2267 Sed
974 2213 1041 2281 quid
1070 2213 1238 2280 attendebat,

307 2299 420 2365 quando
455 2298 522 2352 talia
557 2299 730 2353 sustinebat?
764 2299 867 2353 nudite
902 2300 957 2352 alio
992 2299 1065 2352 loco:
1103 2298 1238 2365 Etenim,

306 2384 403 2450 inquit,
421 2383 506 2450 quod
522 2387 570 2437 est
587 2384 656 2437 leue
673 2383 896 2437 tribulationis
913 2385 1051 2437 nostrae.
1076 2381 1133 2435 lam
1149 2384 1238 2435 totum

305 2467 357 2520 hoc
370 2467 439 2534 leue,
452 2469 555 2534 quare?
575 2467 608 2520 ln
622 2468 844 2520 incredibilem
857 2468 982 2521 modum
996 2470 1157 2520 aeternum
1169 2467 1268 2533 glo-0⁵

304 2552 371 2603 riae
387 2551 513 2618 pondus
528 2554 679 2619 operatur
694 2552 798 2618 nobis,
815 2568 876 2604 non
892 2551 1142 2619 respicientibus
1158 2566 1237 2617 quae

304 2634 467 2701 uidentur,
479 2635 867 2702 sedquaenonuidentur.
884 2624 1255 2703 Quaeenimuidentur,
1296 2698 1298 2702 ι

303 2719 497 2786 temporalia
515 2723 598 2786 sunt3
617 2735 696 2787 quae
715 2722 818 2772 autem
837 2736 898 2773 non
916 2720 1079 2786 uidentur,
1098 2721 1236 2772 aeterna.

302 2803 487 2856 'Aeternorum
499 2820 566 2871 ergo
578 2821 670 2858 amore
683 2804 832 2872 flagrabat,
845 2804 957 2871 quando
969 2803 1080 2857 fortiter
1091 2802 1172 2868 mala,
1184 2803 1236 2855 etsi

303 2887 401 2940 acerba
420 2889 447 2939 et
465 2890 593 2955 pessima,
612 2891 703 2941 tamen
722 2887 895 2955 temporalia,
915 2887 1078 2940 sustinebat.
1104 2886 1175 2939 Leue
1194 2887 1280 2938 estmo

302 2987 385 3024 omne
403 2987 464 3024 cum
482 2971 540 3025 fine
558 2972 732 3040 supplicium,
750 2972 798 3024 ubi
817 2972 876 3023 sine
895 2971 953 3024 fine
971 2970 1141 3038 promittitur
1160 2984 1236 3035 prae·

301 3057 394 3109 mium.

360 3146 386 3199 4.
408 3144 444 3198 Et
463 3147 554 3198 tamen
575 3146 686 3213 quando
706 3145 868 3211 sustinebat,
889 3162 923 3198 an
944 3145 990 3198 ille
1010 3146 1038 3197 in
1058 3143 1108 3196 illo
1128 3145 1234 3196 etcum

301 3229 350 3283 illo
370 3229 534 3296 sustinebat,
554 3231 599 3296 qui
618 3246 673 3283 non
692 3229 863 3282 deficiebat?
888 3228 1006 3283 Prorsus
1026 3227 1116 3280 audeo
1135 3227 1233 3294 dicere,

301 3331 357 3368 non
374 3316 434 3382 ipse
450 3315 612 3368 sustinebat.
631 3315 666 3368 Et
682 3317 742 3382 ipse
759 3313 922 3380 sustinebat,
939 3314 1003 3380 quia
1019 3311 1144 3364 fideliter
1159 3310 1277 3365 nole-105

300 3399 359 3452 bat:
372 3416 428 3452 non
439 3400 500 3466 ipse
512 3398 674 3466 sustinebat,
687 3400 751 3466 quia
762 3399 850 3451 uirtus
862 3399 890 3450 in
902 3397 952 3450 illo
964 3396 1070 3450 Christi
1082 3395 1233 3448 habitabat.

300 3517 334 3570 96
