2819 4040
506 312 526 350 ln
539 312 602 351 natale
615 311 710 350 intantum

101 446 135 484 ros
144 434 183 486 sic
196 434 273 502 impii
285 436 431 489 consilium
444 438 589 504 prauitatis
603 436 722 490 amando
736 435 814 503 quasi
827 430 963 487 odoribus
977 429 1074 482 mortis

144 518 280 585 prauitate
301 523 440 573 necantur.
468 519 710 583 Quemadmodum
731 521 855 590 scorpius
877 517 993 572 adustus
1014 529 1075 567 cum

144 602 242 655 nidore
254 604 382 656 conbusti
393 606 492 657 ueneni
504 606 590 658 totius
601 606 702 659 domus
714 606 786 658 tecta
798 602 954 670 repleuerit‚
967 601 1074 652 ceteros

144 702 178 738 ex
187 686 304 739 occultis
316 688 422 740 rimulis
434 691 462 740 et
473 688 589 741 refossis
602 689 710 755 angulis
722 688 913 741 conbustionis
926 700 993 739 suae
1005 682 1074 737 odo-

144 770 220 822 ribus
230 773 375 837 prouocat,
386 774 412 823 et
422 772 507 823 calori
518 772 669 825 consimilis
680 773 776 825 mortis
788 772 936 824 morituros
949 767 1073 832 adducit3

101 867 136 905 170
144 856 182 907 ita
199 871 297 908 omnes
309 855 441 907 'homines
460 857 487 907 in
506 859 616 922 peccata
634 857 753 909 declines
772 872 832 908 cum
850 855 965 908 odorem
984 853 1073 929 malae

144 940 357 991 existimationis
374 940 489 992 alicuius
504 941 579 992 auari
595 942 699 1008 passiui
716 942 762 993 aut
777 940 985 1007 intemperantis
1001 928 1073 991 acce-

144 1024 242 1090 perint,
257 1023 389 1091 peccandi
403 1024 594 1077 occasionibus
609 1025 715 1090 irritati,
731 1026 758 1076 in
773 1024 873 1076 similia
886 1026 996 1090 peccata
1010 1039 1073 1089 pro·

143 1108 235 1160 uocati
248 1110 421 1173 concurrunt,
435 1110 461 1160 et
473 1109 625 1160 consimilis
639 1108 735 1160 mortis
748 1109 850 1160 exitum
863 1110 981 1160 sumunt.
996 1106 1072 1169 Qui-

144 1191 533 1244 busdamodormortisin
543 1195 686 1259 mortem,
698 1191 1072 1258 quibusdamodoruitae

101 1277 174 1328 usin
192 1277 299 1330 uitam.

203 1367 228 1420 5.
244 1366 396 1433 Propterea
409 1368 501 1434 itaque
515 1368 612 1419 dextra
626 1369 708 1433 atque
722 1366 834 1418 sinistra
848 1367 943 1418 mortis
958 1367 985 1418 et
998 1367 1071 1418 uitae

144 1450 246 1503 odores
258 1452 321 1504 ante
332 1451 428 1503 oculos
438 1451 575 1516 duximus,
586 1454 617 1503 ut
628 1449 764 1517 quidquid
775 1449 843 1502 utile
853 1452 879 1502 et
890 1452 1072 1502 necessarium

143 1551 177 1587 ex
185 1535 246 1587 aliis
258 1534 392 1588 imitando
403 1536 534 1602 capimus,
542 1539 569 1588 et
579 1552 613 1587 ex
624 1535 705 1587 nobis
716 1535 784 1601 ipsis
794 1535 891 1586 ceteris
902 1534 1072 1600 praebe<a>

144 1634 212 1671 mus
227 1618 281 1670 Hic
292 1621 334 1671 est
346 1619 417 1671 odor
429 1619 609 1685 flagrantium
622 1620 784 1683 aromatum,
796 1632 876 1684 quem
888 1617 989 1670 relictis
1001 1633 1073 1670 erro-

101 1718 136 1755 rso
144 1701 220 1754 ribus
237 1703 311 1768 magi
328 1702 442 1755 Christo
459 1703 616 1769 portabant,
633 1704 660 1754 et
676 1703 787 1753 nostrae
803 1701 992 1753 similitudinis
1009 1703 1073 1753 ima-

143 1786 222 1852 gines
236 1783 473 1840 demonstrabant.
488 1786 583 1853 ltaque
595 1788 678 1839 etiam
691 1787 714 1838 si
728 1801 779 1838 nos
792 1801 935 1851 magorum
948 1786 1072 1852 exemplo

143 1871 245 1922 relictis
266 1871 406 1923 erroribus
426 1871 521 1923 mundi
541 1871 684 1922 dominum
703 1869 771 1922 caeli
792 1870 986 1936 quaesiuimuS,
1007 1885 1073 1924 auro

144 1944 170 1993 et
185 1943 328 2010 odoribus,
343 1943 371 1994 id
386 1946 436 2009 est,
452 1943 512 1995 tide
525 1945 552 1995 et
566 1943 668 1995 sanctis
682 1942 813 2008 operibus
828 1941 979 2007 dominum,
994 1957 1072 2008 quem

143 2028 334 2093 cognouimus,
347 2027 527 2080 oblectamus,
540 2026 634 2093 longe
648 2027 721 2078 absit
732 2026 844 2092 iniquae
856 2027 1073 2078 conuersationis

100 2127 134 2163 185
142 2112 299 2163 teterrimus
315 2110 394 2177 odor,
409 2113 436 2163 et
450 2111 623 2177 serpentinae
638 2110 830 2163 conbustionis
845 2110 969 2162 mortalis
985 2110 1072 2176 nidor,

144 2197 189 2261 qui
207 2195 330 2247 ethonis
347 2196 468 2262 pericula
484 2198 605 2261 generat,
622 2197 649 2246 et
665 2194 867 2261 inpossibiliter
883 2194 971 2246 malos
988 2198 1072 2247 necat.

142 2278 171 2331 Si
190 2279 314 2346 diabole,
332 2281 355 2331 si
374 2280 478 2332 mundo
496 2281 723 2345 renuntiauimuS,
741 2279 876 2345 pestilera
893 2278 959 2330 haec
977 2279 1073 2331 itinera

142 2379 198 2415 non
215 2365 396 2431 requiramus,
410 2359 414 2432 Ι
428 2364 574 2416 carissimi:
591 2364 728 2416 imitemur
744 2379 849 2429 magos,
867 2362 1011 2415 audiamus
1028 2375 1114 2415 an-11v

140 2449 233 2515 gelos;
251 2451 352 2501 utnon
371 2465 420 2516 per
437 2449 499 2500 illas
517 2451 615 2500 iterum
632 2450 692 2500 uias
710 2447 890 2514 ambulemus,
910 2448 1008 2515 quibus
1025 2447 1072 2499 ali-

98 2548 133 2585 roo
143 2532 255 2599 quando
274 2532 418 2585 dominum
437 2533 589 2585 nescientes
608 2534 768 2584 errauimus.
789 2532 852 2584 Hoc
870 2534 913 2583 est
932 2531 1071 2584 Christum

141 2612 285 2683 quaerere,
297 2617 348 2670 hoc
364 2620 391 2669 et
407 2619 538 2683 inuenire,
555 2617 606 2669 boc
622 2617 745 2669 fideliter
761 2617 886 2669 adorare.
905 2616 940 2669 Et
956 2619 979 2668 si
995 2619 1071 2669 inno-

139 2701 257 2753 centiam
272 2704 396 2753 nostram
411 2702 556 2753 inimicalis
571 2701 715 2753 infestatio
730 2700 885 2767 conpulsat,
900 2702 923 2752 si
939 2701 1071 2766 sacrilega

140 2784 285 2837 infestatio
303 2785 412 2851 fatigat,
430 2786 547 2837 sciamus
564 2786 655 2851 ipsum
672 2785 823 2850 dominum,
842 2785 888 2851 qui
906 2787 947 2837 est
964 2785 1070 2836 initium
1078 2805 1154 2835 oomnis
1164 2806 1224 2836 innui

139 2870 166 2919 et
184 2868 276 2921 forma
292 2871 458 2935 sanctorum,
476 2869 518 2921 bis
536 2868 676 2934 regalibus
694 2868 803 2920 insidiis
821 2868 981 2935 appetitum,
998 2870 1025 2920 et
1042 2856 1092 2919 inet
1104 2854 1224 2932 sufflam-

96 2969 131 3007 195
140 2952 189 3005 illo
206 2955 295 3005 totum
313 2953 526 3005 ecclesiasticum
543 2967 643 3019 corpus
661 2952 776 3004 deloco
794 2954 821 3004 in
840 2952 929 3005 locum
947 2967 1070 3019 persecu-

138 3039 215 3089 tione
234 3039 413 3101 commotum;
433 3036 508 3104 quod
527 3039 618 3089 tamen
639 3036 745 3102 angelis
765 3036 983 3103 gubernantibus
1002 3036 1070 3102 tegin

138 3124 190 3188 tur,
207 3122 234 3172 et
248 3121 359 3172 inimico
375 3123 515 3187 prostrato
529 3118 558 3172 'in
574 3121 628 3172 deo
644 3122 778 3173 seruatur.
794 3119 897 3173 Omnia
914 3121 960 3172 illa
975 3122 1070 3172 temta-

138 3207 245 3258 tionum
256 3221 358 3272 genera
369 3205 490 3271 molitur,
500 3205 624 3258 omnium
634 3205 820 3272 nequitiarum
831 3208 904 3258 uires
916 3206 1069 3271 exequitur3

138 3291 188 3343 sed
206 3290 290 3356 illius,
307 3305 387 3357 quem
406 3290 518 3356 appetit,
535 3290 640 3341 uictrici
657 3289 755 3365 planta
769 3290 896 3343 calcatur.
915 3289 1069 3355 Carissimi,

93 3373 238 3443 nooSuper
254 3374 409 3441 aspidem,
426 3374 522 3440 inquit,
538 3375 568 3425 et
583 3374 771 3427 basiliscum
786 3374 937 3441 calcabis,
953 3376 1070 3427 eicon-

1019 3494 1070 3546 175
