2819 4040
500 317 521 355 ln
535 314 597 354 natale
610 313 705 353 intantum

140 434 270 489 Herodes
284 437 428 492 Christum
440 440 564 508 adorare,
578 443 604 494 et
617 440 746 495 subdolis¹
758 439 867 493 insidiis
881 437 989 507 quaerit
1001 437 1071 490 occi-

139 519 214 574 dere.
231 520 313 574 Hunc
327 522 372 575 dei
387 527 455 576 nutu
470 526 584 591 angelus
599 527 683 593 uidet,
698 525 844 579 consilium
860 523 963 592 prodit,
979 521 1071 575 infan-

106 618 131 657 ⁹5
138 606 194 658 tem
207 606 235 658 in
247 604 405 675 Aegyptum
418 612 554 677 asportari
567 612 724 678 demandat,
737 612 827 665 donec
838 613 898 678 ipse
911 611 941 663 in·
952 610 1070 661 mortem

139 689 229 756 cadat,
243 692 289 757 qui
300 694 410 758 corpori
423 692 580 761 christiano,
594 695 685 762 idest,
699 696 828 748 ecclesiae
842 696 984 747 interitum
996 692 1071 759 cogi·

139 773 224 828 tabat.
244 773 289 828 Sic
306 775 333 828 in
352 777 457 828 somnis
476 779 590 844 angelus
608 780 644 831 ad
664 778 776 846 loseph:
794 776 904 845 Surge,
924 778 1020 845 inquit,
1039 778 1071 829 et

139 858 1070 929 uadeinAegyptum,etestoillic,quoadusquetibidixe-

139 956 189 1008 ro⁴;
202 943 315 1010 incipit
326 944 408 996 enim
421 942 568 997 Herodes
581 961 732 1013 quaerere
743 961 883 1013 puerum,
895 949 929 999 ut
940 962 1007 999 eum
1019 959 1070 999 oc-

96 1026 234 1080 roocidat.
254 1023 400 1080 Paululum
413 1027 527 1081 Herode
539 1030 680 1096 deiunct0,
693 1030 767 1083 idem
780 1031 894 1097 angelus
907 1031 942 1084 ad
956 1029 1068 1098 loseph:

140 1110 251 1180 Surge,
269 1115 299 1167 et
315 1113 396 1166 uade
413 1114 444 1165 in
461 1116 577 1167 terram
596 1115 735 1180 ludeam;
753 1116 869 1168 mortui
886 1118 959 1169 sunt
975 1118 1069 1183 enim,

139 1197 195 1264 quiv
212 1196 407 1264 quaerebant
427 1199 560 1251 animam
581 1201 679 1266 pueri.
698 1197 726 1251 Ο
746 1199 817 1251 ratio
838 1200 960 1265 mystica,
980 1201 1067 1252 totius

137 1281 272 1348 temporis
284 1281 429 1335 continens
440 1282 616 1336 documenta!
630 1282 701 1336 Cum
713 1283 790 1336 solus
804 1281 932 1335 Herodes
943 1298 1068 1350 persecu-

139 1366 184 1418 tor
201 1365 239 1432 ibi
257 1364 350 1432 iuerit,
367 1366 501 1434 plurimos
519 1367 589 1420 dixit
606 1368 634 1420 in
651 1368 710 1420 eius
727 1369 816 1420 morte
833 1367 945 1434 perisse.
962 1367 1068 1421 Mortui

96 1462 131 1500 105
140 1450 212 1515 sunt,
231 1449 327 1517 inquit,
345 1450 391 1516 qui
408 1450 576 1516 quaerebant
593 1451 714 1503 animam
729 1450 815 1516 pueri.
833 1447 910 1512 Quid
926 1452 976 1516 cst,
994 1450 1069 1518 quod

140 1532 274 1600 plurimos
297 1534 397 1601 tetigit,
421 1535 474 1587 nisi
498 1535 562 1602 quia
585 1535 612 1587 in
637 1534 752 1587 Herode
776 1536 951 1600 persecutore
973 1550 1069 1587 omnes

140 1618 254 1671 omnino
274 1619 437 1688 posterioris
455 1620 589 1685 temporis
608 1619 797 1686 persecutores
817 1617 951 1671 extinxit?
972 1617 1002 1670 ln
1021 1619 1069 1671 do-

139 1702 217 1756 mino
237 1704 310 1756 enim
330 1704 415 1756 totius
436 1702 567 1756 ecclesiae
589 1702 682 1768 figura
703 1702 837 1767 uersatur,
858 1701 933 1753 etin
956 1700 1069 1755 Herode

140 1786 263 1840 omnium
279 1789 485 1855 persecutorum
501 1787 631 1854 iniquitas
646 1785 854 1839 condemnatur.
871 1783 945 1838 Sicut
960 1800 1027 1852 ergo
1042 1787 1070 1838 in
1078 1803 1162 1859 invasore
1170 1803 1221 1858 rosae-

96 1883 132 1922 110
140 1870 256 1924 donnino
267 1887 349 1924 omne
360 1871 573 1925 ecclesiasticum
584 1885 685 1937 eorpus
697 1869 732 1921 de
744 1870 806 1922 loco
818 1869 845 1922 in
858 1869 948 1921 locum
960 1870 1070 1922 inimico
1087 1853 1212 1937 ‘¹§{‡{,{‘,¹¹2³l³,{2¹⁵

140 1957 321 2023 persequente
337 1957 474 2022 mouetur,
490 1956 518 2007 et
534 1956 620 2008 totius
638 1955 780 2007 secuturae
797 1952 868 2006 fidei
885 1952 964 2007 labor
980 1956 1070 2007 osten·
1095 1947 1199 1984 l‘l‘figm‘l

139 2039 226 2105 ditur;
242 2040 325 2093 sicin
342 2038 458 2092 Herode
474 2039 597 2092 omnium
613 2040 819 2105 persecutorum
835 2037 951 2090 consilia
967 2038 1070 2090 nudan-

139 2125 191 2191 tur,
209 2125 236 2177 et
252 2126 364 2178 aeterna
380 2123 486 2176 ultione
503 2125 642 2189 necantur,
659 2124 730 2175 sicut
746 2123 878 2188 scriptum
895 2123 947 2174 est:
967 2120 1070 2174 Insur-

139 2222 210 2277 gam
232 2222 327 2276 super
347 2223 414 2274 eoS,
436 2207 516 2260 dicit
537 2207 697 2273 dominus,
719 2206 849 2273 perdam
871 2221 978 2259 eorum
998 2206 1071 2259 reli·

96 2305 131 2343 115
140 2293 231 2359 quias
245 2295 275 2346 et
288 2309 403 2346 semen.
419 2291 472 2345 liis
487 2294 579 2359 itaque
593 2292 674 2345 fideli
688 2294 779 2344 mente
793 2291 953 2358 perspectis
968 2290 1071 2343 frustra

139 2374 192 2429 sibi
198 2374 374 2430 Christianus
382 2376 417 2429 dc
426 2376 521 2429 mundi
531 2376 677 2430 securitate
686 2376 837 2442 blanditur,
848 2376 953 2428 frustra
960 2377 988 2429 in
995 2376 1070 2428 omni

140 2456 455 2530 persecutionisllabore
471 2460 606 2514 turbatur.
626 2459 716 2528 ipsius
734 2463 776 2513 est
793 2461 866 2512 enim
885 2459 960 2526 quod
977 2459 1070 2524 credit,
1080 2477 1112 2515 nu

140 2545 191 2598 sed
208 2560 264 2598 non
280 2547 323 2599 est
339 2546 427 2612 ipsius
445 2545 520 2612 quod
536 2545 641 2598 euadit:
658 2546 745 2612 ipsius
762 2546 805 2597 est
822 2543 898 2611 quod
914 2543 1071 2609 confitetur,

140 2629 191 2682 sed
210 2645 266 2682 non
285 2631 328 2683 est
347 2630 434 2697 ipsius
454 2629 529 2697 quod
549 2630 583 2682 ab
603 2630 712 2682 inimico
732 2629 902 2681 defenditur.
929 2627 1070 2680 Herodem

97 2726 132 2764 120
141 2714 214 2766 enim
234 2729 290 2766 non
309 2713 393 2767 homo
413 2714 464 2766 sed
484 2713 598 2780 angelus
618 2713 782 2766 denudauit:
803 2728 888 2779 aquo
908 2715 1071 2778 praeuentus

141 2796 276 2850 inefficax
288 2797 360 2850 latro
372 2798 512 2864 remansit,
526 2798 571 2864 qui
585 2813 614 2850 se
627 2797 760 2849 occidisse
773 2797 869 2862 sensit,
883 2811 963 2862 quem
976 2795 1071 2848 diuino

139 2881 259 2934 consilio
271 2897 327 2935 non
339 2882 452 2934 inuenit.
467 2880 508 2933 lta
520 2880 659 2948 posterior
670 2879 784 2933 ecclesia
796 2882 954 2932 sanctorum
967 2878 1071 2946 angelis

141 2965 352 3032 protegentibus
363 2966 527 3031 custoditur,
537 2967 564 3018 et
574 2965 647 3017 hosti
659 2964 802 3030 abripitur,
815 2965 879 3031 quia
890 2965 917 3016 in
927 2964 1002 3017 omni
1013 2978 1073 3030 per-

79 3043 82 3047 ’
140 3051 282 3103 secutione
300 3065 356 3102 non
373 3052 526 3116 superatur.
544 3048 689 3115 Angelis,
708 3050 805 3116 inquit,
824 3051 890 3102 suis
908 3049 1225 3108 mandauitnaannman.

97 3132 179 3185 made
190 3135 232 3200 te,
243 3135 276 3187 ut
286 3134 474 3186 custodiant
485 3136 527 3199 te,
540 3149 576 3186 ne
588 3132 744 3186 offendas
758 3133 798 3187 ad
809 3134 948 3201 lapidem
960 3125 1227 3204 pedemlfiffgsstt'fflff

138 3219 233 3271 tuum,
246 3216 343 3270 Habes
355 3217 418 3284 iam,
430 3216 526 3269 tidelis
538 3220 565 3270 et
576 3217 678 3270 deuota
690 3217 859 3284 fraternitas,
872 3219 1072 3285 protectionem

140 3301 281 3368 angelicae
304 3304 460 3369 paraturae:
483 3303 575 3354 nescia
597 3303 761 3368 protegeris
785 3302 877 3355 nescia
898 3301 1071 3367 gubernaris

55 3448 57 3451 f
141 3384 205 3439 Hoc
217 3388 324 3440 tantum
337 3385 527 3453 quaerebatur,
539 3389 570 3439 ut
582 3387 719 3440 crederes:
732 3390 822 3440 cetera
835 3386 964 3440 Christus
977 3388 1073 3455 imple-

1023 3508 1073 3560 173
