2819 4040
638 300 658 340 S.
666 301 772 350 Augustini
784 303 876 342 tractatus
890 302 904 341 l.

300 425 424 478 memus?
452 423 548 491 lmmo,
568 426 633 493 quia
652 426 818 480 aduocatum
838 427 1039 496 praemisimus,
1058 427 1147 479 'securi
1165 425 1234 479 iudi-

299 523 357 559 cem
373 509 519 561 ueniurum
535 524 686 577 speremus

352 592 377 646 7.
387 591 548 645 Transitum
559 595 601 646 est
612 595 639 646 in
651 594 780 661 symbolo
792 595 867 663 quod
878 596 998 663 pertinet
1008 594 1044 647 ad
1056 594 1145 647 lesum
1155 592 1234 646 Chri·

299 676 380 742 stum,
404 675 496 729 filiurn
518 677 563 729 dei
585 679 703 744 unicum,
727 679 871 732 dominum
894 682 1030 744 nostrum;
1052 678 1176 745 sequitur
1199 675 1234 729 Et

299 761 328 810 in
344 761 490 826 spiritum
505 762 660 828 sanctum,
674 764 704 815 ut
717 763 881 829 conpleatur
893 764 1011 828 trinitaS,
1024 764 1141 830 pateret
1154 761 1276 814 filius185

148 858 257 934 principun
272 845 326 895 ieet
340 845 454 910 spiritus
468 848 587 899 sanctus.
605 845 661 898 Sed
674 847 710 898 de
724 846 788 899 filio
803 848 888 901 multa
903 848 967 899 sunt
981 847 1062 913 dicta,
1077 847 1140 913 quia
1155 846 1233 898 tilius

145 906 290 992 ffifpssffi'sssffjff,
299 928 420 994 suscepit
432 927 583 981 hominem:
599 928 677 981 lilius
689 928 810 982 Verbum
822 946 886 983 caro
899 930 1065 996 factumest,
1078 946 1134 983 non
1147 932 1232 997 pater,

298 1025 354 1062 non
369 1011 484 1077 spiritus
497 1013 617 1065 sanctus
636 1009 691 1064 Sed
705 1028 815 1065 caruem
830 1013 884 1065 iiiii
898 1014 958 1065 tota
972 1012 1080 1064 trinitas
1095 1012 1173 1064 iecit:
1194 1012 1233 1063 in-

298 1093 465 1160 separabilia
477 1096 550 1146 enim
562 1096 627 1147 sunt
638 1110 723 1161 opera
735 1097 877 1150 trinitatis.
893 1095 937 1149 Sic
948 1111 1015 1162 ergo
1028 1097 1141 1162 accipite
1153 1096 1232 1161 spiri·

252 1179 354 1229 autum
367 1179 501 1245 sanctum,
513 1181 543 1231 ut
556 1193 612 1230 non
624 1178 744 1231 credatis
757 1181 891 1232 minorem
904 1195 965 1232 esse
978 1194 1059 1246 quam
1072 1174 1276 1247 tilium,}aut1so

297 1262 432 1314 minorem
447 1278 508 1316 esse
523 1278 605 1330 quam
619 1266 735 1330 patrem.
758 1262 841 1317 Pater
855 1265 927 1317 enim
942 1266 969 1316 et
984 1263 1062 1315 iilius
1077 1265 1104 1315 et
1118 1264 1232 1329 spiritus

295 1428 363 1480 nihil
377 1429 556 1496 deiectiuum,
570 1430 637 1483 nihil
651 1431 730 1483 alteri
743 1432 923 1496 contrarium;
937 1431 1051 1498 aequale
1062 1445 1178 1497 semper,
1191 1431 1231 1483 in·

294 1513 406 1566 uisibile
421 1516 448 1566 et
462 1514 696 1581 incommutabile,
711 1517 832 1582 pateret
846 1515 925 1567 iilius
940 1517 967 1567 et
982 1515 1094 1581 spiritus
1110 1517 1229 1568 sanctus.

295 1596 405 1650 Liberet
423 1613 474 1650 nos
492 1596 602 1651 trinitas
620 1615 636 1650 a
653 1598 831 1651 multitudine
849 1600 1031 1665 peccatorum.
1239 1610 1273 1647 195

355 1681 379 1734 8.
398 1681 455 1733 lam
472 1681 548 1748 quod
564 1683 689 1749 sequitur
704 1682 741 1734 ad
757 1698 809 1734 nos
825 1684 953 1749 pertinet.
975 1682 1008 1734 ln
1025 1685 1166 1735 sanctam
1182 1698 1229 1735 ec·

293 1764 433 1817 clesiam.
452 1763 552 1817 Sancta
566 1764 680 1817 ecclesia
695 1781 747 1817 nos
762 1781 868 1818 sumus:
887 1766 1008 1818 sednon
1023 1766 1062 1817 sic
1076 1765 1134 1817 dixi
1149 1765 1228 1832 ,nos‘,

294 1849 372 1915 quasi
390 1849 512 1915 eccequi
529 1849 573 1901 hic
589 1863 693 1914 sumus,
710 1849 756 1916 qui
773 1865 817 1901 me
833 1849 919 1902 modo
936 1849 1062 1902 audistis.
1082 1847 1229 1916 Quotquot

293 1932 336 1983 hic
352 1947 447 1984 sumus
463 1931 517 1984 deo
534 1933 657 1999 propitio
672 1931 814 1985 christiani
831 1931 933 1985 fideles
949 1934 977 1985 in
992 1933 1043 1985 hac
1058 1932 1182 1998 ecclesia,
1199 1932 1229 1984 id

293 2017 335 2066 est
351 2015 378 2066 in
396 2015 449 2066 ista
465 2016 586 2082 ciuitate,
604 2017 741 2082 quotquot
757 2017 822 2068 sunt
838 2017 866 2067 in
884 2016 937 2067 ista
952 2016 1075 2083 regione,
1092 2017 1272 2082 quotquotaoo

138 2112 180 2140 iaus
212 2111 284 2167 ecciesiae
292 2101 357 2151 sunt
369 2100 397 2151 in
409 2100 463 2151 ista
476 2100 629 2166 prouincia,
642 2100 779 2166 quotquot
791 2101 856 2151 sunt
868 2101 895 2152 et
906 2102 983 2151 trans
996 2115 1078 2165 mare,
1092 2102 1228 2166 quotquot

139 2160 284 2246 ξῗζῗῖἷῗῗηιῖἷῖζῖ
292 2185 356 2235 sunt
369 2184 396 2235 in
408 2185 469 2235 toto
481 2183 550 2236 orbe
561 2185 696 2236 terrarum
709 2213 742 2220 -
755 2185 886 2250 quoniam
899 2200 915 2235 a
932 2182 1000 2236 solis
1013 2185 1075 2235 ortu
1087 2197 1174 2249 usque
1191 2183 1227 2235 ad

291 2282 419 2319 occasum
438 2267 568 2320 laudatur
586 2283 686 2321 nomen
705 2268 823 2331 domini;
846 2269 885 2320 sic
904 2282 933 2319 se
951 2267 1035 2319 habet
1053 2268 1167 2319 ecclesia
1185 2283 1227 2319 ca·

290 2350 402 2416 tholica‚
415 2352 503 2403 mater
514 2353 610 2403 nostra
622 2365 696 2417 uera,
709 2365 775 2403 uera
787 2350 862 2403 illius
875 2351 971 2417 sponsi
984 2350 1111 2404 coniunx.
1129 2349 1226 2403 Hono-

290 2449 381 2486 remus
398 2449 467 2501 eam,
484 2435 548 2501 quia
564 2435 634 2487 tanti
651 2433 757 2487 domini
775 2436 902 2486 matrona
917 2436 970 2499 est3
991 2436 1018 2486 et
1034 2434 1100 2500 quid
1116 2434 1268 2491 dicam?205

289 2517 396 2585 Magna
418 2520 460 2570 est
480 2534 587 2586 sponso
608 2520 636 2571 et
657 2518 807 2584 singularis
830 2519 968 2585 dignatio:
994 2519 1163 2571 meretricem
1186 2520 1225 2570 in-

289 2604 373 2668 uenit,
389 2604 524 2669 uirginem
540 2601 614 2656 iecit.
632 2600 708 2668 Quia
723 2603 853 2655 meretrix
867 2602 929 2668 fuit,
945 2617 1001 2655 non
1017 2602 1100 2654 debet
1114 2617 1223 2667 negare,

289 2701 323 2737 ne
336 2686 518 2738 obliuiscatur
529 2686 747 2738 misericordiam
761 2686 914 2739 liberantis,
932 2684 1083 2748 Quomodo
1097 2701 1152 2739 non
1166 2689 1224 2739 erat

288 2770 425 2837 meretrix,
439 2770 551 2837 quando
564 2771 629 2837 post
641 2768 718 2822 idola
731 2771 758 2821 et
770 2770 918 2822 daemonia
931 2768 1140 2823 fornicabatur?
1157 2768 1223 2823 For-

286 2853 389 2906 nicatio
405 2853 498 2906 cordis
514 2854 542 2905 in
556 2853 686 2907 omnibus
703 2853 768 2906 luit:
785 2854 812 2905 in
827 2854 921 2919 paucis
936 2853 1035 2919 carnis,
1051 2854 1078 2905 iu
1093 2853 1267 2908 omnibusuo

286 2938 389 2991 cordis,
409 2937 444 2990 Et
456 2939 541 3004 uenit,
555 2941 582 2990 et
594 2938 731 3004 uirginem
745 2937 823 2989 iecit:
840 2937 983 2989 ecclesiam
997 2938 1133 3003 uirginem
1147 2936 1222 2990 fecit.

287 3020 318 3073 ln
336 3021 396 3074 tide
412 3022 494 3088 uirgo
510 3023 563 3073 est:
581 3022 608 3073 in
624 3037 705 3074 carne
720 3031 822 3088 paucas
838 3021 921 3073 habet
937 3021 1060 3088 uirgines
1076 3020 1222 3072 sanctimo-

286 3106 385 3159 niales:
407 3107 435 3157 in
453 3105 513 3157 tide
531 3120 627 3157 omnes
645 3105 768 3171 uirgines
786 3103 869 3156 debet
886 3104 996 3170 habere,
1014 3106 1042 3156 et
1059 3104 1178 3156 feminas
1195 3105 1222 3155 et

284 3191 374 3252 uiros;
400 3189 439 3241 ibi
458 3191 530 3242 enim
549 3189 632 3241 debet
651 3204 712 3240 esse
731 3189 844 3241 castitas
863 3189 890 3240 et
909 3188 1015 3254 puritas
1034 3189 1061 3240 et
1079 3186 1220 3243 sanctitas.

285 3273 357 3327 Nam
369 3274 454 3326 uultis
464 3288 549 3325 nosse
559 3287 640 3339 quam
650 3274 731 3338 uirgo
741 3272 797 3324 sit?
807 3270 978 3339 ,Apostolum
990 3269 1106 3323 Paulum
1117 3271 1219 3339 audite,
1227 3285 1264 3322 215

284 3358 400 3409 amicum
420 3356 518 3423 sponsi
537 3354 639 3420 audite,
657 3355 792 3408 zelantem
812 3370 925 3421 spons0,
945 3370 1000 3407 non
1017 3354 1078 3409 sibi.
1102 3354 1219 3422 liptaui
