2819 4040
435 351 493 396 ΧΧΧ.
507 356 537 395 De
550 353 613 398 natale
626 359 736 398 sanctorum
749 354 889 399 Scillitanorum

199 495 259 533 mus
283 482 409 549 pauperi:
432 482 528 536 Minus
551 483 636 538 habes
659 485 762 541 ulcera:
787 486 864 539 adice
887 484 937 538 tibi
962 484 998 537 ad
1021 480 1127 549 merita,

198 566 265 632 opta
276 567 304 618 et
313 581 410 619 canum
423 567 541 634 linguas.
554 566 597 620 Tu
609 570 692 624 iactas
704 571 780 639 quod
791 586 897 638 pauper
907 586 945 637 es,
958 585 1011 637 ego
1023 583 1127 638 quaero

198 650 221 701 si
238 648 333 702 fidelis
348 665 389 703 es:
405 667 469 704 nam
484 653 632 718 paupertas
648 654 772 708 infidelis
787 656 814 708 et
829 656 873 708 hic
887 656 930 708 est
944 654 1083 719 cruciatio,
1099 654 1127 705 et

155 746 189 784 145
198 732 235 785 ibi
254 732 405 788 damnatio.
422 733 606 801 alloquamur
623 740 649 791 et
666 739 792 792 diuitem:
810 738 933 806 Quando
950 737 1125 805 euangelium

198 816 300 870 audisti
312 816 347 869 de
358 816 408 869 illo
421 818 467 885 qui
479 818 645 874 induebatur
656 838 776 890 purpura
788 824 815 876 et
826 823 911 890 bysso
923 824 950 875 et
962 822 1126 889 epulabatur

196 900 311 954 cottidie
327 900 482 968 splendide,
497 903 623 970 timuisti;
639 922 694 959 non
710 906 829 974 inprobo
845 905 920 973 quod
934 906 1058 971 timuisti,
1074 904 1124 958 sed

197 984 272 1053 quod
287 984 324 1037 ibi
338 985 515 1052 inprobatum
529 989 570 1039 est
584 988 646 1054 plus
659 990 733 1043 time.
750 989 885 1042 tacentem
899 1003 1046 1055 pauperem
1061 991 1124 1042 ante

196 1070 306 1122 ianuam
318 1083 396 1121 suam
406 1071 606 1138 contemnebat,
618 1074 701 1127 micas
713 1073 760 1126 ille
772 1073 808 1126 de
819 1088 914 1126 mensa
925 1073 984 1125 eius
994 1074 1123 1127 cadentes

154 1151 418 1220 noconcupiscebat:
433 1154 538 1207 nullum
553 1155 593 1208 illi
607 1159 725 1225 tegmen,
740 1157 846 1210 nullum
860 1158 969 1222 tectum,
985 1157 1060 1209 nulla
1074 1157 1122 1210 hu·

196 1237 314 1290 manitas
330 1236 520 1304 praebebatur.
537 1238 600 1292 Hoc
615 1241 740 1308 punitum
755 1242 798 1293 est
813 1242 841 1293 in
856 1239 952 1305 diuite,
967 1239 1122 1306 crudelitas,

195 1321 331 1388 impietas,
352 1319 445 1387 elatio,
466 1322 602 1389 superbia,
623 1324 789 1377 infidelitas:
810 1324 878 1377 haec
896 1323 993 1390 punita
1012 1325 1075 1376 sunt
1095 1325 1122 1376 in

193 1405 290 1458 diuite.
308 1404 390 1457 Unde
402 1404 454 1459 hoc
467 1406 588 1473 probas?
600 1410 638 1462 ait
651 1408 760 1476 aliquis,
773 1423 889 1475 prorsus
902 1407 1016 1459 diuitiae
1029 1408 1106 1474 puni·
1118 1403 1176 1477 {aasv

193 1492 238 1543 tae
251 1490 323 1543 sunt.
344 1481 406 1556 Ego
419 1491 442 1543 si
456 1506 511 1544 non
524 1507 558 1544 ex
570 1492 632 1558 ipso
644 1491 782 1559 euangelii
795 1490 920 1559 capitulo
931 1489 1028 1557 prob0,
1042 1507 1121 1544 nemo

151 1587 237 1627 1⁵5me
253 1573 356 1627 audiat.
378 1571 450 1627 Cum
467 1575 541 1641 apud
557 1574 663 1629 inferos
679 1577 707 1628 in
722 1576 868 1628 tormentis
884 1576 957 1626 esset
973 1572 1019 1625 ille
1035 1574 1122 1640 diueS,

194 1657 365 1711 desiderauit
375 1673 462 1725 aquae
472 1657 574 1711 stillam
586 1660 613 1712 in
625 1660 747 1726 linguam
759 1672 837 1711 suam
847 1657 883 1710 de
893 1659 1022 1724 pauperis
1033 1658 1123 1725 digito

194 1741 277 1808 illius,
295 1743 341 1809 qui
358 1742 441 1795 micas
458 1758 568 1795 mensae
585 1744 673 1809 ipsius
689 1741 880 1807 desiderabat;
897 1743 924 1794 et
940 1740 1050 1795 facilius
1066 1741 1123 1794 ior-

192 1826 276 1879 tassis
289 1824 336 1878 ille
348 1826 384 1878 ad
396 1828 488 1893 micaS,
502 1842 583 1894 quam
596 1826 642 1879 ille
654 1826 781 1894 peruenit
793 1825 829 1878 ad
842 1824 956 1878 stillam:
970 1828 1069 1891 negata
1081 1828 1123 1878 est

193 1911 265 1962 enim
277 1911 302 1962 ei
314 1909 397 1963 stilla.
417 1909 573 1977 Respondit
585 1911 609 1963 ei
622 1909 772 1975 Abraham,
785 1910 813 1961 in
824 1909 901 1962 cuius
914 1910 976 1960 sinu
988 1911 1046 1962 erat
1057 1924 1122 1976 pau·

151 2008 252 2060 moper:
273 1993 447 2061 Memento,
467 1994 531 2060 iili,
552 1994 726 2061 percepisti
747 1993 831 2046 bona
851 1995 904 2045 tua
925 1994 955 2044 in
975 1994 1041 2046 uita
1060 1996 1121 2046 tua.

194 2076 258 2129 Hoc
275 2078 348 2129 enim
365 2079 498 2144 proposui
517 2077 674 2144 ostendere,
694 2078 758 2144 quia
777 2077 904 2144 impietas
923 2077 950 2129 et
968 2075 1122 2130 infidelitas

192 2161 220 2213 in
233 2160 282 2213 illo
294 2161 424 2214 damnata
436 2163 486 2227 est,
499 2177 555 2214 non
567 2161 682 2214 diuitiae
694 2163 721 2214 et
733 2161 813 2227 copia
825 2169 916 2213 rerum
928 2161 1121 2227 praesentium.

193 2243 383 2312 Percepisti,
400 2246 495 2312 inquit,
510 2245 594 2297 bona
609 2248 663 2298 tua
679 2246 709 2297 in
725 2245 791 2298 uita
806 2247 868 2298 tua.
890 2242 967 2307 Quid
983 2247 1032 2311 cst,
1048 2245 1121 2298 bona

191 2329 258 2382 tua?
276 2327 339 2381 alia
358 2344 413 2381 non
433 2330 536 2396 putasti
555 2329 637 2383 bona.
658 2327 736 2392 Quid
754 2330 805 2395 est,
824 2330 852 2381 in
870 2329 928 2381 uita
943 2329 1012 2398 tua?
1030 2327 1121 2381 Aliam

149 2424 183 2462 165
191 2414 277 2464 uitam
295 2428 350 2465 non
367 2413 518 2466 credidisti.
544 2410 622 2465 Bona
640 2428 707 2479 ergo
724 2414 780 2478 tua,
798 2428 854 2465 non
872 2412 928 2465 dei:
947 2413 974 2464 in
992 2412 1049 2465 uita
1066 2414 1121 2478 tua,

192 2511 247 2549 non
269 2495 383 2549 Christi.
405 2495 483 2549 Bona
503 2498 551 2548 tua
572 2497 599 2547 in
621 2497 679 2549 uita
699 2498 747 2549 tua
768 2496 926 2563 percepisti:
947 2495 1058 2549 linitum
1080 2498 1121 2548 est

192 2580 267 2648 quod
282 2579 433 2647 credidisti,
448 2580 512 2633 ideo
527 2580 601 2633 bona
617 2596 686 2648 quae
702 2579 817 2633 meliora
832 2581 896 2633 sunt
911 2595 966 2632 non
982 2580 1121 2647 accepisti;

191 2664 254 2731 quia
270 2678 330 2716 cum
347 2679 423 2716 esses
440 2665 523 2721 <in>
538 2663 726 2730 interioribus,
744 2679 776 2716 ea
792 2663 904 2716 credere
922 2663 1044 2717 noluisti.

249 2748 274 2801 4.
288 2747 370 2800 Forte
381 2762 539 2801 accusamus
550 2749 633 2807 istum
644 2747 767 2813 diuitem,
778 2749 806 2800 et
816 2761 927 2800 sensum
937 2747 1024 2814 patris
1033 2745 1120 2799 libra·

148 2830 241 2885 nahae
258 2847 308 2898 pro
324 2832 420 2884 nostro
436 2833 518 2898 captu
535 2832 753 2898 interpretamur.
778 2830 817 2883 Ut
833 2830 940 2898 aliquid
956 2829 1064 2897 planius
1080 2830 1120 2882 di-

189 2917 273 2983 catur,
282 2914 357 2982 quod
370 2915 526 2968 inuolutum
538 2918 581 2968 est
593 2915 747 2981 euoluatur,
756 2915 832 2981 quod
839 2915 964 2967 clausum
976 2917 1018 2967 est
1027 2913 1120 2966 uidea-

189 3000 241 3066 tur,
256 2998 432 3066 pulsantibus
446 2999 592 3066 aperiatur.
608 2997 679 3052 Cum
694 2999 718 3051 ei
733 3001 864 3065 negatum
878 3000 952 3051 esset
966 2997 1119 3051 subsidium

189 3083 233 3136 uel
254 3084 353 3150 exigua
372 3082 570 3148 misericordia,
591 3085 621 3135 ut
642 3081 802 3149 impleretur
822 3082 898 3149 quod
919 3083 1118 3148 scriptumest,

191 3165 347 3220 Iudicium
362 3166 430 3219 sine
444 3165 667 3219 misericordia
681 3165 743 3231 illi,
760 3166 812 3232 qui
828 3182 890 3220 non
905 3166 984 3219 iecit
998 3166 1119 3218 miseri·

147 3252 343 3318 rrscordiam,
362 3252 472 3318 rogauit
488 3253 519 3304 ut
537 3251 690 3303 mitteretur
709 3250 829 3304 Lazarus
848 3251 885 3304 ad
903 3250 1003 3303 iratres
1022 3250 1118 3316 ipsius,

189 3337 216 3388 et
236 3336 340 3389 diceret
359 3336 398 3387 eis
420 3334 486 3402 quid
507 3335 634 3401 ageretur
655 3336 720 3401 post
740 3334 811 3387 hanc
830 3335 924 3388 uitam.
947 3332 1056 3386 Dictum
1077 3334 1119 3386 est

189 3418 252 3472 iieri
267 3436 323 3473 non
337 3435 429 3486 posse,
443 3418 493 3472 sed
508 3418 531 3471 si
546 3417 650 3471 uellent
664 3417 703 3470 illi
718 3433 774 3470 non
788 3419 883 3471 uenire
898 3417 933 3471 ad
948 3417 1007 3469 loca
1021 3416 1119 3470 eadem

190 3535 211 3572 9⁸
1069 3536 1115 3588 131
