2819 4040
622 319 641 358 S.
655 319 760 368 Augustini
773 320 863 359 tractatus

294 445 339 512 lat,
358 446 396 497 sie
413 447 439 497 et
456 447 551 498 nostra
568 446 665 513 uigilia
682 448 764 499 etiam
782 464 838 500 nox
854 450 908 501 isia
924 446 1087 499 inluminata
1104 447 1226 514 praeful-

292 530 367 596 geat3
385 531 415 581 ut
428 529 513 597 digne
528 531 668 597 possimus
683 546 744 583 cum
759 532 826 584 orbe
840 535 974 585 terrarum
988 531 1102 583 ecclesia
1117 529 1258 583 diflusaso

292 614 415 679 cogitare
432 612 525 680 hodie,
544 630 578 666 ne
597 615 770 667 inueniamur
788 617 816 668 in
835 618 923 669 nocte.
948 615 1004 667 Tot
1021 616 1160 682 tantisque
1178 630 1226 681 po-

292 697 374 763 pulis,
392 712 461 764 quos
478 697 584 750 Christi
601 699 712 751 nomine
728 701 785 751 tam
802 700 919 766 insignis
936 699 1037 765 ubique
1053 697 1226 751 sollemnitas

291 782 480 848 congregauit,
503 781 546 835 sol
567 782 709 848 abscessit,
731 783 793 835 dies
815 801 871 836 non
893 784 1014 848 recessit,
1037 797 1097 834 cum
1119 781 1226 834 lucente

291 864 369 916 caelo
385 864 478 918 lucens
493 869 567 918 terra
583 867 722 919 successit.

351 949 376 1000 2.
399 947 507 1001 Causas
527 952 618 1001 tamen
638 949 720 1002 huius
740 952 835 1003 tantae
854 952 967 1018 uigiliae
988 952 1098 1003 nostrae
1119 950 1142 1000 si
1163 950 1224 1016 quis
1233 966 1257 1002 35

291 1033 420 1099 inquirat,
436 1036 463 1085 et
477 1034 605 1086 sollerter
620 1035 744 1086 inuenire
759 1036 787 1086 et
802 1035 926 1088 fideliter
941 1033 1109 1102 respondere
1124 1034 1225 1100 potest.

294 1114 343 1168 llle
358 1117 469 1184 quippe,
484 1118 530 1184 qui
546 1117 627 1169 nobis
641 1117 760 1183 gloriam
776 1119 818 1170 sui
833 1119 954 1171 nominis
969 1119 1093 1183 donauit,
1108 1119 1167 1184 ipse
1187 1118 1227 1169 in-

214 1211 247 1249 ror.
260 1199 439 1253 aluminauit
454 1201 524 1253 hanc
540 1202 659 1266 noctem3
680 1202 707 1253 et
723 1202 765 1253 cui
782 1198 908 1268 dicimus
927 1197 1166 1271 lnlullminabis
1182 1201 1226 1252 te·

292 1283 407 1336 nebras
425 1301 520 1351 meas,
537 1284 651 1351 praebet
667 1285 754 1338 lucem
770 1286 902 1338 cordibus
919 1287 1033 1338 nostris:
1050 1288 1080 1337 ut
1096 1284 1226 1352 quemad·

139 1380 215 1435 suenda
238 1366 407 1435 pprmodum
423 1367 609 1434 gaudentibus
624 1367 712 1420 oculis
729 1369 812 1420 istum
828 1368 1006 1436 splendorem
1023 1369 1156 1421 luminum
1171 1376 1258 1420 cer-40

138 1428 284 1515 numpssssussasgssffl
292 1451 391 1518 nimuS,
404 1453 442 1504 ita
452 1452 533 1504 huius
544 1454 600 1504 tam
612 1452 701 1504 clarae
713 1454 802 1505 noetis
814 1454 950 1506 rationem
961 1453 1125 1505 inluminata
1136 1453 1226 1504 mente

291 1535 445 1589 uideamus,
468 1534 546 1602 Quid
562 1538 605 1588 est
622 1552 697 1602 ergo
716 1536 792 1604 quod
809 1536 885 1589 festo
902 1536 1092 1589 anniuersario
1108 1535 1227 1602 uigilant

291 1618 376 1671 hodie
397 1617 568 1672 Christiani?
594 1618 674 1671 Nunc
694 1620 767 1672 enim
787 1622 905 1672 maxime
924 1620 1081 1686 uigilamus,
1102 1634 1151 1671 nec
1171 1619 1225 1671 alia

292 1702 466 1756 sollemnitas
480 1704 545 1756 talis
558 1703 682 1770 intellegi
697 1703 780 1768 solet;
798 1705 825 1756 in
840 1706 894 1757 isto
909 1704 1050 1756 desiderio
1064 1703 1130 1755 dum
1145 1719 1226 1770 quae·

291 1787 377 1839 rimus
400 1789 427 1839 et
448 1785 576 1840 dicimus:
600 1786 725 1854 Quando
747 1788 916 1855 uigilamus?
953 1786 985 1839 ad
1012 1789 1055 1840 tot
1075 1787 1135 1839 dies
1156 1788 1257 1853 aigi-45

292 1871 393 1937 lamus;
412 1874 552 1939 tamquam
566 1873 594 1924 in
609 1872 690 1924 huius
704 1874 903 1939 conparatione
919 1872 989 1925 aliae
1005 1888 1061 1924 non
1076 1873 1132 1924 sint
1146 1887 1225 1938 repu-

290 1955 393 2008 tandae
417 1957 539 2023 uigiliae.
568 1955 724 2023 ‘Apostolus
749 1957 869 2024 quidem,
895 1958 965 2009 sieut
989 1957 1162 2021 ieiuniorum,
1187 1957 1225 2008 ita

291 2039 374 2091 etiam
389 2040 548 2106 uigiliarum
563 2040 755 2092 assiduitatem
770 2040 976 2093 commendauit
990 2039 1129 2104 ecelesiae,
1145 2038 1180 2091 de
1196 2056 1225 2092 se

292 2122 354 2188 ipso
370 2138 589 2176 commemorans
605 2125 632 2175 et
647 2123 753 2175 dicens:
778 2123 811 2176 ln
828 2124 959 2175 ieiuniis
976 2124 1117 2189 saepius
1133 2124 1164 2175 in
1180 2123 1226 2173 ui-

291 2207 390 2273 gilias
409 2209 551 2274 saepius3
571 2208 621 2260 sed
638 2208 719 2260 huius
737 2209 826 2260 noctis
843 2208 940 2274 uigilia
957 2209 1034 2260 tanta
1051 2209 1101 2272 est,
1118 2210 1148 2259 ut
1165 2206 1258 2259 solasu

138 2310 205 2348 uuna
227 2318 283 2366 namen
292 2290 346 2342 sibi
359 2293 441 2343 etiam
453 2294 604 2345 ceterarum
616 2308 761 2344 commune
774 2308 874 2345 nomen
887 2291 964 2344 uelut
976 2293 1118 2358 proprium
1130 2290 1226 2343 uendi-

138 2359 374 2438 sslffissssfflsscaret.
394 2374 474 2428 Prius
488 2377 581 2442 itaque
596 2376 631 2428 de
644 2377 768 2442 generali
783 2376 888 2443 uigilia,
904 2378 1002 2442 postea
1016 2375 1051 2428 de
1067 2375 1179 2442 speciali
1199 2375 1227 2427 et

167 2456 252 2494 pipam,
292 2459 435 2527 hodierna,
453 2475 522 2527 quae
538 2461 668 2513 dominus
685 2460 802 2526 dederit,
819 2475 906 2527 pauca
922 2461 1046 2512 dicimus

352 2543 377 2595 3.
396 2543 426 2595 ln
443 2543 491 2595 illa
506 2545 572 2610 uita,
590 2545 734 2610 proculus
752 2544 932 2610 adipiscenda
947 2545 1041 2610 requie
1058 2542 1225 2608 laboramus

294 2642 375 2694 quam
398 2626 479 2679 nobis
501 2630 566 2693 post
588 2628 669 2680 huius
692 2629 817 2694 corporis
841 2630 965 2692 mortem,
990 2626 1034 2680 uel
1057 2627 1139 2679 etiam
1162 2628 1256 2693 postas

292 2710 374 2762 huius
388 2711 488 2762 saeculi
502 2711 596 2777 finem,
611 2713 638 2764 in
652 2713 853 2763 resurrectione
866 2713 968 2763 ueritas
982 2710 1136 2778 pollicetur,
1150 2726 1226 2764 num-

292 2809 374 2861 quam
384 2795 530 2847 ‘dormituri
541 2811 644 2862 sumus,
656 2796 726 2848 sicut
737 2810 886 2862 numquam
896 2796 990 2862 utique
1001 2795 1136 2847 morituri.
1148 2793 1226 2857 Quid

292 2880 335 2930 est
357 2880 430 2930 enim
453 2879 528 2931 aliud
552 2894 674 2945 somnus,
698 2895 780 2946 quam
803 2879 955 2932 cottidiana
979 2894 1061 2944 morS,
1085 2894 1155 2945 quae
1177 2894 1226 2930 nec

292 2963 403 3029 penitus
420 2962 482 3015 hinc
498 2963 597 3030 aufert,
615 2980 664 3016 nec
680 2964 785 3015 diutius
803 2964 908 3015 detinet
924 2962 1083 3016 hominem?
1107 2962 1142 3015 Et
1159 2962 1225 3029 quid

292 3048 334 3099 est
349 3045 426 3098 aliud
440 3062 523 3113 morS,
539 3062 619 3113 quam
634 3048 781 3099 diuturnus
796 3050 823 3099 et
837 3047 989 3100 altissimus
1004 3062 1126 3112 somnus,
1142 3064 1157 3099 a
1171 3062 1225 3113 quo
1233 3059 1257 3096 oo

291 3130 360 3183 deus
385 3131 487 3183 excitat
508 3130 666 3184 hominem?
698 3130 754 3184 Ubi
779 3147 846 3198 ergo
870 3131 946 3183 nulla
971 3146 1045 3184 mors
1069 3131 1153 3196 uenit,
1177 3147 1226 3182 nec

292 3217 385 3281 imago
403 3216 461 3267 eius
478 3230 591 3267 somnus
608 3216 764 3268 interuenit.
789 3214 915 3282 Denique
932 3230 1046 3268 somnus
1063 3215 1156 3267 nullus
1172 3215 1225 3268 nisi

292 3300 459 3352 mortalium.
485 3298 549 3351 Non
566 3301 607 3351 est
624 3301 676 3351 ista
693 3300 802 3366 requies
820 3299 994 3365 angelorum:
1018 3298 1059 3351 illi
1076 3301 1140 3366 quia
1156 3314 1225 3351 sem-

292 3398 340 3448 per
357 3383 463 3448 uiuunt,
482 3396 630 3449 numquam
647 3382 765 3435 salutem
783 3398 882 3437 somno
899 3384 1043 3449 recipiunt.
1074 3380 1148 3437 Sicut
1166 3384 1226 3452 ipsa

291 3502 326 3554 20
