2819 4040
704 324 815 374 appendix.
836 326 939 365 Tractlll.

356 448 1290 520 horam'exultant;cumautemfactalueritpressuratam-

311 544 446 600 anquam
468 537 589 601 aestus,
610 537 684 602 quia
706 548 768 589 non
789 537 908 591 habent
929 535 1024 589 altam
1045 535 1192 603 radicem,
1206 531 1211 606 Ι
1225 538 1291 590 cito

356 620 512 671 arescunt.
534 617 625 675 Radix
644 635 712 686 ergo
732 621 759 673 in
780 621 837 676 alto
857 623 901 676 sit.
923 619 1012 678 Radix
1030 621 1130 675 caritas
1151 624 1204 674 est:
1224 621 1290 674 inde

356 703 445 754 toturn
464 703 562 769 surgit,
580 705 607 755 et
624 702 703 768 latet;
721 703 805 757 arbor
821 705 919 772 placet,
937 703 987 758 sed
1004 703 1084 756 radix
1101 704 1179 757 latet:
1198 705 1248 758 sed
1266 706 1289 757 si

356 785 467 838 deesset
482 786 558 853 quod
573 787 648 854 latet,
664 803 719 840 non
735 791 809 841 esset
823 789 899 856 quod
913 788 1010 857 placet.
1297 803 1321 841 ro

414 871 439 923 3.
463 870 559 923 Nolite
579 872 662 924 etiam
683 888 743 924 esse
765 888 831 940 ager
851 875 989 941 spinosus.
1015 871 1116 940 Spinas
1136 872 1207 924 dixit
1227 887 1289 925 esse

216 966 334 1021 suiegerum
355 953 486 1006 dominus
505 970 595 1007 rerum
613 955 777 1008 secularium
793 972 885 1010 curas:
904 960 930 1010 et
946 956 1046 1023 uidete,
1065 956 1167 1008 fratres
1185 957 1247 1022 mei,
1265 956 1289 1008 si

224 1014 323 1091 Ἃῗῖιιῖἔῗῃ
355 1039 432 1104 angit
447 1054 512 1091 cura
527 1040 566 1091 rei
583 1038 738 1107 familiaris³
755 1041 778 1093 si
795 1042 873 1108 angit
887 1057 951 1095 eura
966 1042 1004 1094 rei
1021 1040 1155 1109 publicae,
1172 1041 1195 1093 si
1212 1041 1289 1107 angit

353 1136 418 1174 cura
439 1124 570 1189 propriae
588 1124 718 1189 ciuitatis
739 1124 762 1176 si
783 1126 861 1191 angit
880 1140 945 1178 cura
965 1126 1023 1192 agri
1043 1125 1091 1190 tui,
1112 1123 1196 1177 uillae
1216 1127 1288 1190 tuae,

354 1204 454 1257 domus
468 1207 540 1259 tuae.
555 1204 712 1260 Sufficiat
725 1207 789 1260 diei
803 1209 927 1262 malitia
941 1224 1004 1262 sua.
1019 1207 1047 1261 Si
1061 1209 1156 1275 spinas
1171 1209 1319 1261 necessi-45

353 1290 409 1342 tate
426 1291 570 1343 nascentes
586 1289 667 1343 doles
682 1291 809 1358 euellere,
827 1292 893 1359 quid
909 1292 959 1345 tibi
975 1307 1045 1360 opus
1061 1294 1103 1344 est
1119 1291 1288 1359 spectaculo-

354 1388 412 1426 rum
423 1374 543 1426 tribulos
553 1374 676 1428 addere?
693 1374 779 1442 Cogit
788 1377 815 1428 te
825 1378 975 1429 necessitas
985 1377 1023 1429 rei
1033 1376 1180 1428 familiaris
1189 1389 1287 1444 ‘agrum

353 1461 430 1512 tuum
441 1474 548 1513 curare:
559 1475 630 1527 quae
640 1462 668 1512 te
678 1461 754 1527 cogit
765 1462 915 1513 necessitas
926 1463 1058 1528 spectare,
1069 1462 1100 1512 ut
1111 1459 1180 1511 alias
1191 1460 1286 1525 spinas

352 1542 437 1595 tollas
454 1542 490 1596 ad
505 1543 620 1596 domum
636 1544 730 1596 tuam?
753 1541 858 1596 Paruas
875 1545 947 1596 enim
963 1543 1048 1596 habes
1065 1542 1240 1608 domesticas,
1256 1544 1287 1594 ut

353 1642 469 1693 quaeras
489 1627 654 1680 extraneas?
674 1626 749 1679 Dicit
766 1626 817 1680 tibi
837 1627 917 1680 deus:
939 1626 1035 1679 Euclle
1054 1628 1149 1693 spinas
1169 1640 1238 1694 quae
1258 1625 1286 1676 in
1294 1640 1318 1677 50

351 1726 420 1776 agro
436 1713 485 1762 tuo
502 1712 659 1763 nascuntur.
678 1709 714 1764 Et
728 1713 758 1762 tu
774 1711 855 1763 dicis:
872 1710 961 1764 Video
978 1710 1046 1763 alias
1062 1708 1242 1763 delectabiles
1258 1710 1285 1760 et

352 1795 505 1861 formosas3
524 1794 665 1848 transfero
683 1795 746 1847 illas
765 1795 801 1848 ad
819 1811 915 1862 agrum
933 1811 1031 1861 meum,
1050 1796 1077 1848 et
1095 1793 1228 1861 plantabo
1247 1794 1285 1846 ihi

351 1895 406 1932 eas,
436 1878 471 1931 Et
491 1895 547 1931 non
567 1875 649 1932 times
670 1878 819 1932 flammas?
845 1879 888 1931 Tu
909 1879 1021 1946 quando
1041 1879 1184 1945 spinosum
1204 1877 1285 1930 uides

351 1978 446 2028 agrum
468 1965 554 2030 tuum,
577 1963 644 2032 quid
666 1964 690 2015 ei
712 1963 813 2030 paras?
842 1962 913 2017 Puto
936 1964 999 2030 quia
1020 1964 1120 2029 ignem,
1143 1979 1200 2015 non
1221 1962 1284 2014 hor-

351 2062 435 2100 reum,
455 2046 532 2113 Ergo
541 2048 565 2098 si
575 2049 606 2099 tu
616 2048 690 2100 nosti
702 2047 769 2113 quid
780 2047 867 2099 facias
876 2048 993 2114 ‘spinoso
1004 2062 1071 2113 agro
1081 2048 1138 2112 tuo,
1150 2045 1285 2113 numquid
1292 2061 1316 2097 55

351 2130 419 2182 deus
435 2132 508 2182 errat
522 2132 550 2183 in
565 2131 635 2184 suo?
651 2129 723 2184 Puto
738 2130 813 2204 quod
828 2131 991 2197 prudentior
1004 2131 1040 2182 sit
1053 2132 1088 2196 te,
1104 2130 1150 2196 qui
1165 2129 1283 2183 fecitte:

351 2230 414 2266 nam
428 2217 458 2266 tu
473 2229 569 2281 agrum
584 2218 661 2267 tuum
675 2214 766 2267 colere
780 2215 904 2282 potuisti,
919 2229 1010 2267 creare
1024 2229 1080 2266 non
1095 2214 1211 2280 potuisti
1216 2230 1223 2278 ;
1238 2213 1284 2266 ille

351 2314 419 2350 uero
440 2300 486 2365 qui
505 2297 557 2350 tibi
577 2298 681 2350 creauit
702 2313 807 2367 agrum,
828 2299 874 2364 qui
894 2299 997 2350 creauit
1016 2300 1043 2350 et
1063 2299 1090 2349 te
1111 2298 1157 2364 qui
1178 2297 1283 2349 coleres

352 2397 456 2448 agrum,
474 2384 501 2434 te
518 2397 598 2434 suum
615 2382 706 2435 uoluit
723 2397 784 2434 esse
801 2397 905 2449 agrum.
930 2381 1026 2434 Euelle
1043 2396 1110 2448 ergo
1128 2382 1232 2448 spinas,
1250 2396 1284 2433 ne

351 2468 455 2518 sentias
472 2466 611 2532 flammae,
627 2465 740 2533 quando
756 2467 809 2518 iam
825 2481 881 2519 non
897 2467 948 2518 erit
962 2467 1071 2532 tempus
1086 2465 1218 2531 culturae,
1234 2464 1284 2518 sed
1291 2476 1316 2513 oo

350 2565 466 2615 poenae.
1110 2554 1112 2561 '

410 2633 434 2686 4.
451 2632 549 2686 Estote
562 2635 653 2685 autem
665 2636 739 2686 terra
752 2634 834 2699 bona,
848 2648 929 2701 quam
943 2633 1011 2686 deus
1025 2634 1052 2685 in
1066 2632 1214 2700 euangelio
1227 2632 1283 2684 lau-

351 2717 407 2784 dat,
424 2732 567 2784 quaecum
582 2733 675 2769 semen
692 2718 833 2784 acceperit,
848 2716 924 2769 aliud
937 2717 1025 2769 affert
1039 2718 1192 2783 centenum,
1208 2716 1284 2769 aliud

351 2816 528 2867 sexagenum,
549 2800 626 2853 aliud
644 2802 789 2866 tricenum;
810 2802 837 2853 et
857 2802 897 2853 sic
915 2800 997 2853 colite
1017 2800 1092 2867 quod
1110 2800 1224 2866 auditis,
1245 2801 1284 2852 sic

351 2886 465 2951 accipite
484 2884 559 2951 quod
576 2884 692 2951 discito,
710 2885 749 2936 sic
766 2886 857 2937 tenete
875 2884 951 2951 quod
969 2885 1100 2951 accipitis,
1118 2884 1157 2936 sic
1175 2883 1283 2951 diligite
1291 2898 1315 2935 os

350 2968 426 3034 quod
439 2968 591 3034 tenueritis,
604 2970 635 3021 ut
647 2967 763 3020 domino
776 2971 870 3020 uestro
884 2967 1005 3021 fructum*
1016 2968 1131 3034 dignum
1145 2967 1283 3020 afferatis.

349 3051 405 3115 Qui
417 3068 473 3104 non
484 3054 578 3118 potest
588 3052 693 3104 afferre
709 3053 861 3114 centenum,
877 3052 982 3105 aflerat
992 3068 1169 3119 sexagenum,
1180 3052 1284 3105 aflerat

349 3139 494 3189 tricenum:
507 3138 571 3203 quia
582 3140 609 3189 et
620 3138 735 3189 multum
747 3138 877 3204 portanti,
889 3139 916 3189 et
926 3152 1022 3204 parum
1034 3137 1165 3204 portanti,
1176 3139 1284 3190 tantum

350 3221 521 3273 frumentum
539 3222 670 3288 portanti,
687 3221 802 3273 horrens
819 3223 1008 3289 praeparatur,
1025 3220 1073 3274 ubi
1089 3236 1151 3273 cum
1168 3220 1284 3273 domino

219 3330 263 3360 onae
272 3331 321 3360 nnn
349 3304 482 3372 gaudeat3
496 3320 577 3372 quem
587 3306 670 3357 etiam
681 3319 753 3357 nunc
763 3307 868 3372 patrem
880 3306 907 3357 in
918 3305 1044 3358 oratione
1053 3303 1199 3371 uocabitis‚
1210 3305 1316 3358 undeno

230 3378 307 3408 dominlca

219 3427 319 3465 „mumm-
349 3392 377 3441 et
397 3390 487 3442 oratio
508 3388 648 3442 dominica
668 3391 851 3457 nuncupatur..
870 3387 927 3451 Qui
945 3403 1013 3456 ergo
1033 3388 1202 3441 frumentum
1222 3404 1284 3441 esse

351 3508 401 3560 180
