2819 4040
572 369 671 409 Praefatio

155 502 245 569 fuerit,
258 517 318 555 eam
330 503 358 553 in
371 496 534 566 appendice
547 499 611 564 post
619 497 827 564 praecedentem
839 493 979 559 conlocaui,
989 494 1086 559 Quod-

154 586 269 641 uultdeo
287 583 514 650 ¹Carthaginiensi
534 584 666 650 episcopo
686 584 836 652 aliquando
855 584 977 637 tortasse
1002 578 1087 632 uindi-

153 672 276 726 eandam.

183 790 229 833 xx.
252 788 266 831 r.
288 788 316 829 ar
338 784 449 827 mcum
470 784 550 830 rane
564 817 569 827 .
584 785 623 831 oe
645 785 910 831 DOM.0RAT1.1111
928 818 932 826 .
950 782 1086 828 Reddit-listis

212 860 271 914 quod
285 857 378 900 credatis
392 892 397 902 .
410 857 502 899 audistis
517 857 569 913 quid
584 859 650 901 oretis
664 893 669 902 .
684 891 689 900 .
703 892 708 901 .
723 858 761 900 sed
775 859 843 900 etiarn
856 857 944 899 discatis
959 856 1013 911 quid
1028 854 1085 897 desi·

211 932 286 975 derare
301 929 400 972 debeatis
414 964 419 974 .
433 941 515 973 amen.
531 930 663 974 EXPLICIT
679 935 730 976 etc.

212 1014 306 1067 Sermo
315 1012 466 1080 Augustini
476 1014 511 1067 59
522 1014 632 1067 aliunde
643 1014 822 1068 emendicatis
833 1012 967 1065 mercibus
975 1014 1083 1081 passim

152 1100 255 1152 auctus.
272 1097 354 1151 Verbi
363 1098 462 1167 gratia,
473 1114 499 1152 n.
514 1098 685 1151 lllllaurinae
694 1098 828 1151 editionis
839 1096 905 1148 haec
916 1095 1082 1162 interpolata

151 1183 223 1248 sunt,
241 1183 355 1248 quaein
373 1198 499 1235 sermone
516 1197 625 1250 quoque
643 1182 689 1236 De
706 1182 904 1236 effetatione
923 1179 1081 1233 Homiliarii

151 1265 316 1332 wisigothici
333 1264 450 1318 Silensis
470 1264 557 1335 (Cod.
577 1267 643 1321 Brit.
662 1266 759 1320 addit.
777 1264 876 1330 30853,
895 1263 946 1316 iol.
964 1260 1021 1326 55V3
1046 1264 1081 1317 ci.

151 1349 295 1402 Anecdota
310 1349 510 1403 llllaredsolana
526 1350 546 1416 1,
563 1349 629 1419 411)
647 1351 747 1418 partim
763 1349 904 1415 leguntur:
922 1346 1082 1414 „Numquid

150 1431 299 1499 „dignatur
316 1433 434 1500 aliquem
451 1437 573 1487 uestrum
591 1434 715 1488 afiiliare
732 1448 825 1487 comes
842 1432 999 1485 uester?...
1018 1431 1082 1484 Non

149 1517 240 1582 „enim
252 1516 367 1570 orabitis
379 1517 449 1571 hanc
461 1520 615 1572 orationem
628 1520 681 1571 nisi
694 1520 759 1586 post
771 1516 949 1583 baptismum.
962 1512 1007 1566 Ad
1019 1517 1081 1568 octo

149 1601 239 1666 „enim
249 1601 311 1654 *dies
322 1601 456 1655 reddituri
468 1601 543 1655 illam
554 1604 630 1669 estis,
641 1614 699 1655 non⁴
709 1601 826 1654 oraturi:
838 1602 903 1666 post
914 1599 1082 1666 baptismum

149 1684 243 1749 „illam
264 1685 388 1740 orabitis.
417 1684 569 1749 Quomodo
591 1687 664 1739 enim
686 1686 754 1738 dicit
777 1682 871 1737 Pater
892 1685 1014 1746 noster,
1035 1686 1082 1751 qui

147 1768 289 1834 „nondum
313 1772 356 1822 est
378 1770 478 1823 natus?
508 1769 582 1834 Quia
605 1785 672 1836 ergo
696 1769 766 1820 hanc
790 1768 945 1820 orationem
969 1766 1081 1829 cottidie

148 1852 264 1916 „dicturi
280 1855 355 1918 esth,
371 1870 471 1907 moneo
486 1870 538 1907 uos
554 1855 581 1906 in
597 1854 643 1906 dei
658 1852 749 1919 gratia
764 1850 843 1904 filios
859 1850 956 1903 meos“
972 1852 1022 1904 etc.

176 1968 510 2015 xxl.f.391NCIP1T·TRnc
524 2003 529 2013 .
544 1969 583 2011 oe
594 1964 739 2011 passione
750 1966 859 2010 oonmr
880 1956 938 2024 psal
955 1960 959 2022 Ι
973 1967 1081 2022 nagnam

205 2043 227 2083 et
239 2040 353 2084 ineffabile
366 2045 524 2085 sacramentum
538 2041 661 2084 dominicae
675 2041 785 2094 passionis
800 2039 935 2083 sollemniter
948 2039 1014 2082 hodie
1027 2038 1082 2083 cele-,

205 2111 294 2155 bramus
308 2148 312 2157 .
327 2146 332 2156 .
346 2145 351 2155 .
366 2125 410 2156 non
434 2113 503 2156 semel
525 2114 547 2157 in
571 2126 629 2156 anno
644 2146 648 2155 .
663 2113 703 2156 sed
725 2112 828 2155 continua
852 2112 965 2156 sanctitate
980 2144 984 2154 .
998 2124 1080 2155 amen.

206 2184 287 2226 EXPLI
302 2219 307 2229 .
320 2187 372 2228 etc.

206 2272 302 2325 Breuis
325 2276 406 2340 atque
429 2273 550 2326 ineditus
573 2289 664 2327 sermo
687 2275 715 2326 in
738 2272 899 2340 Parasceue‚
922 2273 999 2326 cuius
1021 2273 1079 2326 siue

145 2356 266 2409 sobriam
285 2357 471 2425 eloquentiam
490 2358 622 2425 locosque
641 2357 759 2411 biblicos
778 2357 923 2424 adtendas,
942 2358 1001 2410 siue
1020 2372 1080 2410 sen-

143 2442 244 2493 tentias
265 2456 325 2493 cum
346 2442 465 2509 epistula
485 2440 635 2508 Augustini
657 2442 710 2496 140
730 2442 909 2508 eiusdemque
930 2443 957 2494 in
978 2440 1023 2494 ps.
1045 2442 1075 2495 21

143 2523 327 2577 Enarratione
343 2526 464 2578 secunda
479 2526 618 2592 conferas
635 2528 772 2579 neminem
787 2529 896 2593 praeter
911 2526 1002 2593 ipsum
1018 2540 1077 2578 auc-

143 2609 231 2660 torem
248 2608 322 2662 ultro
341 2625 485 2675 agnosces.
511 2610 649 2663 Nimirum
668 2609 797 2664 Psalmus
815 2610 862 2663 ille
880 2612 908 2663 in
926 2626 1004 2663 sacro
1023 2610 1078 2662 diei

143 2694 280 2745 conuentu
296 2692 383 2746 lectus
399 2695 499 2761 iuerat,
516 2697 591 2748 iuxta
607 2710 687 2748 usum
704 2711 785 2766 quern
800 2697 860 2748 tota
876 2694 972 2748 Africa
987 2710 1078 2763 recep-

142 2777 200 2828 tum
223 2775 368 2830 Tractatus
394 2778 427 2831 13
451 2780 479 2831 in
505 2778 656 2832 Iohannem
679 2780 737 2834 nl
760 2782 890 2849 testatur3
913 2779 949 2832 de
972 2794 1025 2847 quo
1051 2781 1079 2831 et

143 2876 164 2914 S.
181 2859 286 2913 Doctor
306 2862 483 2928 potissimum
504 2866 600 2917 contra
622 2862 787 2917 Donatistas
800 2864 941 2931 disputat,
963 2879 1076 2931 regnum

144 2943 248 2997 Christi
266 2945 343 2998 nullo
360 2949 494 2999 terrarum
512 2948 599 3001 limite
615 2948 753 3015 concludi,
770 2950 884 3015 eiusque
901 2950 1020 3001 tunicam
1036 2948 1077 3001 di-

141 3027 200 3080 uidi
217 3044 273 3081 non
288 3032 417 3099 oportere
433 3033 602 3086 contestans.

171 3142 237 3187 xxll.
250 3143 265 3187 f.
278 3144 305 3186 40
317 3144 428 3187 lNClPlT
438 3146 520 3191 ‘TRAC
534 3179 539 3189 .
554 3147 594 3189 DE
605 3131 749 3191 Passioni-3
761 3148 872 3192 DOMINI
886 3181 892 3192 .
906 3149 982 3193 [tassio
993 3149 1077 3192 domini

201 3218 223 3258 et
241 3216 355 3260 saluatoris
373 3217 442 3259 nostri
460 3219 510 3261 lesu
529 3218 609 3262 Christi
628 3220 709 3264 fiducia
726 3221 812 3277 gloriae
829 3223 880 3267 est.
895 3256 899 3266 .
914 3254 919 3263 .
933 3223 951 3264 si
970 3222 1076 3276 patienter

200 3288 287 3342 pertulit
305 3288 361 3332 deus
375 3325 380 3334 .
394 3289 454 3343 quod
474 3291 544 3333 uoluit
563 3292 663 3334 inimicus
683 3294 777 3336 iniustus
792 3327 796 3337 .
812 3305 893 3337 amen.
908 3294 989 3336 EXPLI
1004 3326 1009 3336 .
1022 3295 1075 3336 etc.

200 3357 360 3415 Sermonem
381 3363 452 3417 hunc
473 3382 559 3434 aeque
580 3369 717 3423 ineditum
737 3372 791 3424 iam
812 3388 834 3426 s
848 3370 1006 3440 ‘Augustino
1027 3371 1075 3424 ad-

141 3441 316 3499 scribendum
336 3448 410 3516 apud
428 3464 471 3506 me
490 3450 674 3521 decreueram,
693 3470 755 3509 cum
773 3455 884 3510 demum
902 3457 1023 3526 comperi
1042 3473 1076 3510 ex

1031 3575 1076 3628 Vll
