2819 4040
513 303 544 343 De
556 304 611 343 tertia
623 303 672 343 feria
685 304 770 342 Paschae

147 440 171 478 ao
178 423 321 480 Memento
334 429 395 494 mei,
407 444 468 481 cum
481 430 589 481 ueneris
602 431 629 481 in
642 442 760 497 regnum·
769 431 854 483 tuum.
868 426 994 481 Nouerat
1006 423 1110 478 scelera

178 518 235 570 sua,
250 507 285 571 et,
299 508 439 573 tamquam
453 505 505 559 hoc
518 507 628 573 diceret,
643 506 716 560 Cum
728 509 837 560 ueneris
851 508 878 559 in
893 519 1008 573 regnum
1022 507 1108 568 tuum,

177 582 221 635 uel
233 585 298 635 tunc
309 583 376 636 milri
390 585 524 650 parcatur,
537 586 657 651 requiem
666 600 743 637 suam
752 584 798 637 ille
806 584 968 650 differebat,
977 582 1107 636 Christus

177 660 327 713 offerebat.
353 659 430 723 Quid
448 663 520 713 enim
539 663 563 714 ei
583 663 727 729 respondit
745 663 894 716 dominus?
919 662 1016 716 Amen
1035 661 1108 713 dico

177 738 244 804 tibi,
260 738 356 791 hodie
372 753 489 790 mecum
505 741 568 791 eris
583 741 613 791 in
629 741 789 807 paradiso
808 740 851 792 Tu
866 744 1002 807 expectas,
1018 738 1110 792 donec

145 833 169 871 as
177 818 287 870 ueniam
306 817 342 870 ad
360 833 475 884 regnum
493 833 592 884 meum,
610 821 675 871 tunc
692 820 861 888 meminerim
878 820 931 872 tui:¹
948 819 1032 871 hodie
1051 832 1108 870 non

178 895 327 948 obliuiscar
338 896 386 948 tui.
398 895 508 948 Mecum
520 897 582 961 eris
595 898 690 962 inquit.
704 895 779 949 Ubi?
792 895 822 948 ln
833 897 972 962 paradiso,
984 895 1107 958 Quando

178 974 250 1026 enim
266 972 395 1026 Christus
409 988 465 1025 non
480 974 507 1024 in
521 973 672 1039 paradiso?
686 972 842 1026 Secundum
854 974 991 1026 hominem
1005 972 1108 1040 pende-

177 1050 225 1104 bat
238 1052 266 1103 in
279 1051 368 1117 ligno:
383 1052 444 1118 ipso
458 1051 503 1103 die
517 1051 608 1103 anima
621 1051 679 1103 eius
691 1049 858 1103 descensura
871 1051 962 1103 luerat
974 1052 1010 1104 ad
1023 1050 1107 1103 inler-

177 1144 251 1195 num,
272 1144 372 1195 corpus
393 1130 452 1182 eius
474 1128 633 1196 ponendum
654 1129 720 1180 erat
733 1129 760 1180 in
782 1129 934 1195 sepulchro.
955 1127 1106 1191 Quomodo

144 1223 169 1261 oo
177 1206 252 1273 dicit,
270 1204 382 1259 Mecum
400 1207 453 1258 eris
472 1207 499 1258 in
518 1205 669 1272 paradiso?
688 1203 839 1267 Quomodo
857 1208 883 1258 et
901 1206 975 1273 apud
993 1207 1106 1273 patrem,

177 1287 204 1337 et
215 1286 242 1337 in
252 1286 336 1337 terra:
348 1284 491 1351 quomodo
503 1283 619 1351 loquens
631 1283 746 1350 angelis,
757 1284 785 1335 et
794 1286 940 1350 conceptus
952 1285 979 1335 in
989 1285 1105 1350 uirgine.

177 1360 221 1414 Sic
232 1377 299 1431 ergo
309 1361 356 1414 ille
367 1361 439 1414 latro
448 1361 575 1427 credidit,
586 1361 783 1414 deficientibus
793 1360 947 1427 discipulis:
959 1362 1105 1414 sceleratus

177 1440 232 1507 ille,
247 1440 397 1506 uiolentus
413 1441 440 1492 in
456 1440 534 1506 ligno
549 1454 709 1507 suspensus
725 1440 817 1505 rapuit
831 1454 944 1505 regnum
959 1440 1104 1493 caelorum.

175 1516 270 1582 Quare
284 1519 356 1571 enim
370 1517 422 1571 hoc
436 1518 513 1571 dixi?
525 1517 601 1585 ⁴,Quia
613 1518 745 1571 dominus
760 1518 810 1571 ait:
824 1516 848 1569 Α
863 1518 973 1570 diebus
998 1516 1105 1570 lohan-

144 1597 225 1652 95nis
245 1595 408 1663 baptistae
428 1611 559 1664 regnum
579 1596 740 1649 caelorum
759 1597 822 1648 uim
843 1596 973 1662 patitur,
995 1597 1105 1648 etnim

177 1673 335 1727 facientes
358 1674 518 1741 diripiunt
539 1674 632 1727 illud.
666 1674 824 1728 Violentam
851 1673 911 1726 uult
938 1690 998 1726 esse
1019 1674 1106 1727 iidem

177 1754 301 1805 nostram
314 1752 383 1805 deus
397 1754 502 1806 noster:
515 1754 572 1805 tam
585 1752 709 1806 uiolenta
722 1753 772 1818 est,
785 1753 816 1804 ut
828 1753 938 1804 montesl
948 1751 1105 1805 transferat.

176 1829 253 1882 Talis
269 1829 360 1883 extitit
374 1830 401 1882 in
416 1830 535 1883 latrone:
549 1829 676 1896 eredidit,
692 1829 768 1896 quod
782 1845 838 1882 non
853 1829 981 1896 sperabat
996 1831 1105 1896 accepit,

177 1907 227 1960 sed
242 1906 324 1960 abeo
340 1923 420 1975 quem
435 1908 599 1975 expectabat
612 1923 644 1960 ae
654 1903 665 1978 ΙΙ
673 1909 753 1974 cepit.
768 1906 920 1973 Mement0,
935 1909 1030 1973 inquit,
1045 1909 1105 1973 mei,

132 2000 236 2039 roncum
249 1987 359 2038 ueneris
373 1986 400 2038 in
415 2001 530 2053 regnum
543 1988 628 2039 tuum.
643 1984 782 2038 Sullicere
795 1986 897 2038 latroni
910 1985 1063 2052 uidebatur,
1077 1989 1106 2038 ut

176 2064 201 2115 ei
214 2065 371 2130 parceretur
383 2079 398 2115 a
411 2065 510 2130 poenis
523 2066 598 2129 tunc3
612 2064 662 2116 sed
674 2066 772 2131 postea
783 2063 917 2117 dominus
928 2079 989 2116 euni
1002 2063 1105 2116 dilexit.

176 2138 254 2202 Quid
273 2140 391 2193 dilexit?
411 2141 566 2194 latronem?
585 2140 676 2208 absit,
697 2157 754 2194 non
774 2140 918 2207 latronem,
939 2142 989 2193 sed
1008 2140 1105 2193 fidem:

177 2219 253 2285 quod
270 2221 330 2286 ipse
347 2219 413 2272 lecit
430 2220 535 2287 dilexit,
553 2236 609 2273 non
626 2220 702 2287 quod
718 2220 822 2273 lecerat
839 2219 918 2273 latro.
937 2219 1030 2273 Nolite
1047 2236 1106 2273 esse

177 2297 307 2364 latrones,
321 2298 371 2350 sed
383 2299 528 2351 imitamini
541 2298 628 2351 fidem
641 2298 766 2352 latronis.

238 2442 246 2482 1
264 2441 318 2483 Vide
334 2441 427 2485 praelat.
440 2442 470 2485 ad
485 2455 505 2485 n.
520 2442 637 2484 XXXVlll.
653 2444 746 2484 PASCE
760 2442 792 2494 G;
806 2442 892 2486 titulum
907 2455 935 2484 ex
949 2442 1106 2495 subscriptione

175 2511 296 2567 desumpsi,
312 2514 351 2556 ubi
367 2513 418 2557 add.
436 2525 494 2557 num.
513 2516 538 2557 ll.
586 2517 599 2557 5
615 2514 712 2570 gregis}
730 2515 809 2558 Matth.
827 2516 859 2567 26,
877 2516 911 2558 31.
960 2516 985 2556 13
1002 2527 1051 2557 non
1068 2516 1107 2557 est

177 2585 222 2630 loll.
237 2587 255 2639 1,
269 2588 303 2630 47.
335 2588 361 2629 15
373 2587 475 2631 laetitia
487 2587 552 2642 eius}
564 2587 612 2641 huc,
624 2589 648 2630 ut
659 2588 710 2639 dixi,
723 2589 829 2631 intrusum
842 2590 875 2631 est
887 2588 1032 2642 fragmentum
1045 2588 1108 2629 Trac-

175 2659 234 2700 tatus
256 2670 285 2700 ex
306 2660 386 2701 nostris
407 2659 524 2711 undecimi,
545 2672 566 2704 n.
581 2661 604 2702 5:
626 2661 654 2714 ‚et
676 2660 779 2702 Arrianus
801 2671 926 2703 unum...
949 2660 1021 2702 idonei
1043 2659 1106 2715 cogi‘.

176 2731 204 2772 24
217 2730 305 2784 opere]
321 2730 371 2775 Luc.
386 2732 420 2784 24,
436 2732 469 2775 17.
485 2732 517 2773 18.
534 2733 566 2774 19.
581 2731 621 2774 sed
635 2744 680 2774 non
693 2732 755 2776 iuxta
769 2731 932 2774 translationem
947 2727 990 2785 qua
1006 2733 1107 2774 utebatur

177 2802 320 2856 Augustinus.
349 2804 376 2844 27
399 2802 453 2857 sua}
476 2803 554 2851 Mattht
579 2804 611 2857 13,
634 2804 667 2845 57.
708 2805 733 2846 31
759 2803 866 2857 lsrahell
890 2804 939 2846 L'uc.
962 2806 994 2856 24,
1018 2805 1050 2845 20.
1073 2804 1105 2845 21.

177 2875 204 2915 35
219 2875 344 2929 maneret]
360 2875 388 2919 cl.
403 2874 448 2918 loll.
467 2877 499 2928 12,
516 2877 549 2918 25.
577 2877 605 2917 37
619 2875 747 2929 saeculus]
764 2876 858 2921 alterae
874 2889 891 2919 s.
905 2877 917 2918 1.
935 2876 983 2919 add.
1011 2876 1038 2917 49
1053 2875 1107 2917 des·

176 2946 259 2999 cendi]
282 2946 327 2991 loli.
349 2948 368 2999 6,
390 2948 423 2991 51.
458 2949 486 2990 54
506 2947 590 3000 homo]
613 2947 647 2989 Ps.
670 2949 702 3000 77,
725 2949 759 2990 25.
798 2950 827 2995 57
848 2947 913 3001 eius]
935 2947 993 2989 Hier.
1014 2948 1048 2998 11,
1070 2948 1106 2991 19.

177 3018 450 3072 oleruslbuc.2o,14.
484 3018 773 3073 o4meolPs.118‚103.
807 3021 835 3062 68
850 3020 922 3073 deus]
945 3020 971 3061 ct.
987 3019 1022 3062 as.
1038 3021 1072 3071 33,
1084 3020 1106 3060 ¹9.

176 3091 205 3133 69
221 3090 369 3144 confirmat]
389 3091 423 3136 Ps.
444 3093 490 3144 10³,
510 3092 542 3135 15.
580 3093 603 3133 71
624 3091 724 3145 melior]
742 3104 760 3134 s.
779 3091 792 3134 1.
810 3094 863 3146 post
880 3092 950 3146 suppl.
984 3093 1010 3133 79
1028 3090 1106 3144 tuum}

178 3162 226 3207 Luc.
241 3163 274 3216 23,
288 3164 321 3206 42.
354 3163 730 3218 84paradysoG;L³uc.23,43.
762 3164 795 3206 87.
813 3165 840 3207 90
853 3164 982 3218 paradyso
1019 3164 1043 3205 01
1057 3164 1109 3206 uir-

176 3234 246 3290 gine]
261 3234 310 3279 add.
324 3246 440 3288 perperam
451 3236 554 3289 interrog.
568 3237 627 3278 nota.
656 3237 684 3278 96
697 3235 770 3290 illud}
784 3235 862 3279 aranu.
878 3237 909 3288 11,
925 3237 957 3277 12.
986 3237 1013 3278 97
1025 3238 1110 3279 trans·

177 3307 253 3360 terat]
272 3320 299 3350 ex
317 3308 474 3350 transieram
492 3321 509 3352 s.
527 3308 540 3351 l.
557 3319 623 3359 corr.;
644 3308 671 3350 cl.
689 3309 697 3350 l
715 3308 767 3350 Cor.
786 3310 819 3362 13,
838 3310 857 3353 2.
892 3309 931 3350 103
949 3307 1055 3361 lecerat}
1070 3309 1079 3350 t
1092 3321 1110 3357 s.

176 3378 189 3423 l.
204 3379 254 3423 add.

1060 3494 1111 3546 180

1118 604 1163 633 Latro
1172 603 1208 633 tunc
1214 603 1263 632 credi-

1117 652 1144 688 dit,
1154 652 1215 688 quando
1222 651 1262 681 dele-

1117 702 1169 732 cerunt
1184 701 1262 737 discipuli.

1115 1924 1148 1961 lot.
1161 1924 1185 1960 62
