2819 4040
480 287 510 327 De
523 288 612 338 tempore
624 287 726 327 barbarico
781 294 782 299 ’

140 411 236 465 uidisti
247 413 274 465 et
284 411 393 465 uidebis
405 427 474 481 quae
486 414 626 480 patiantur
637 414 682 481 qui
694 413 805 480 rapiunt
815 410 917 464 aliena:
929 424 985 462 non
997 406 1070 460 enim

140 494 193 548 hoc
214 496 360 563 flagellum
381 499 513 564 nostrum,
536 514 569 551 ex
591 513 646 565 quo
668 496 853 564 flagellamur,
876 494 940 548 ideo
962 508 1071 559 semper

17 608 18 611 =
96 595 132 633 235
140 578 258 647 durabit,
274 582 338 648 quia
346 597 443 634 manus
451 596 512 633 eum
520 583 594 635 tenet
602 581 809 648 omnipotentis.
824 580 910 633 Viuus
926 578 999 631 enim
1013 576 1070 628 fert

140 665 286 731 corrigiam
310 666 410 717 mortui
433 664 570 718 animalis:
594 665 755 732 flagellatur
779 664 889 732 quidem
912 663 958 731 qui
982 677 1070 715 exea

139 750 298 816 castigatur,
306 744 318 819 ΙΙ
331 749 380 801 sed
400 749 482 802 etiam
501 750 561 816 ipsa
579 751 697 817 corrigia
717 749 891 816 flagellando
909 748 1068 801 conteritur.
1077 758 1111 797 for.
1126 757 1162 795 ruo

142 833 206 886 Non
224 833 277 886 sibi
294 834 480 900 blandiantur,
499 835 544 901 qui
562 836 664 888 nostris
682 835 762 887 malis
780 834 924 887 insultant:
942 849 997 886 non
1015 831 1069 884 sibi
1078 844 1129 881 usum
1136 839 1222 918 flsslceupn.

140 917 327 983 blandiantur,
342 919 387 984 qui
401 918 504 969 nostris
517 919 681 971 cruciatibus
695 918 874 971 delectantur.
894 917 971 980 Quid
985 896 1222 993 insul-ffu‘fiaaififi

95 1017 132 1055 240
140 1003 180 1054 tat
191 1003 339 1054 moriturus
350 1002 498 1067 morituris
510 1004 556 1054 aut
566 1002 691 1055 mortalis
702 1002 885 1056 mortalibus?
900 1001 966 1054 llluc
976 1002 1069 1054 uenie-
1104 986 1194 1017 mmm*

140 1100 209 1152 mus,
232 1084 279 1138 ubi
302 1084 437 1138 malorum
460 1100 516 1137 non
539 1087 590 1138 erit
612 1086 765 1151 insultati0,
788 1085 838 1137 sed
861 1085 964 1139 stridor
986 1086 1069 1152 atque

141 1168 270 1236 ploratio.
293 1168 355 1222 'Nec
373 1169 426 1221 sibi
445 1169 631 1236 blandiantur,
651 1171 696 1236 qui
716 1170 750 1222 de
769 1171 939 1222 mortuorum
957 1168 1068 1236 praedis

141 1268 172 1304 ac
193 1253 297 1320 rapinis
318 1251 410 1305 facere
431 1252 560 1305 uidentur
581 1252 764 1320 elemosynas
786 1254 816 1304 ut
836 1267 906 1305 unus
927 1253 1068 1319 uestiatur,

141 1336 211 1389 alius
233 1335 396 1402 expolietur.
422 1334 522 1398 Qualis
542 1336 702 1403 elemosyna
723 1338 773 1401 est,
793 1337 823 1387 ut
843 1350 913 1388 unus
933 1338 1068 1403 pascatur,

96 1433 132 1470 245
141 1419 211 1472 alius
225 1418 384 1473 occidatur?
403 1418 467 1472 Non
481 1421 588 1486 quaerit
601 1420 653 1472 ista
667 1420 747 1472 deus:
761 1420 853 1484 imm0‚
867 1419 956 1471 audeo
970 1419 1068 1485 dicere,

140 1503 201 1555 odit
217 1504 270 1557 ista
285 1502 363 1557 deus
388 1503 481 1570 lpsum
498 1504 562 1556 audi
578 1519 627 1571 per
642 1503 807 1571 prophetam
823 1503 889 1570 quid
906 1504 989 1556 dicat:
1012 1502 1068 1567 Qui

140 1586 267 1654 profert
289 1587 487 1640 sacrificium
507 1587 545 1639 de
567 1587 751 1639 substantia
773 1600 952 1653 pauperum,
979 1588 1068 1653 quasi

141 1671 192 1737 qui
208 1671 352 1724 uictimet
367 1670 474 1723 filium
490 1672 521 1723 in
536 1673 710 1737 conspectu
726 1670 827 1738 patris
843 1671 900 1723 sui.
923 1668 987 1723 Non
1003 1672 1069 1723 acci-

140 1755 223 1821 piam,
237 1756 333 1821 inquit‚
347 1756 400 1808 ista
411 1754 448 1807 de
461 1754 588 1807 manibus
601 1755 713 1806 uestris:
727 1768 836 1806 manus
849 1755 931 1806 enirn
942 1757 1069 1807 uestrae
1104 1773 1142 1802 ou
1151 1772 1193 1802 uu
1202 1820 1221 1849 a

96 1840 296 1906 asosanguine
308 1839 514 1906 plenacsunt.
533 1838 569 1891 Et
580 1837 651 1890 alius
662 1838 798 1905 propheta
809 1838 858 1890 ait:
871 1822 1210 1906 Panisegen-‘fililliiia

139 1921 231 1986 tium,
249 1920 319 1974 uita
335 1937 517 1994 pauperum
537 1924 598 1986 est;
625 1920 676 1990 qui
696 1920 854 1974 detrudat
873 1920 961 1985 illud,
979 1920 1070 1974 borno

141 2010 330 2075 sanguinum
344 2011 400 2061 est.
421 2006 590 2061 Contendite
604 2007 695 2060 facere
709 2008 897 2060 elemosinam.
917 2005 973 2068 Qui
986 2007 1070 2060 uultis

141 2091 232 2145 facere
244 2091 432 2159 elemosinam,
444 2092 478 2144 de
491 2093 570 2145 iustis
583 2091 725 2145 laboribus
738 2092 829 2159 facite,
841 2108 897 2146 nou
909 2092 945 2145 de·
955 2092 1058 2159 rapinis
1063 2109 1070 2157 ;

141 2192 175 2229 ne
198 2176 277 2229 multi
297 2179 394 2229 eontra
415 2192 466 2230 uos
488 2176 607 2229 clament
629 2177 770 2243 expoliati,
792 2178 819 2229 et
840 2192 896 2230 non
918 2191 969 2244 pro
990 2176 1070 2229 uobis

96 2276 132 2313 255
141 2260 324 2313 exaudiantur
341 2261 420 2327 pauci
437 2260 539 2314 uestiti.
563 2260 673 2314 Nolite
690 2261 827 2327 gloriari
844 2276 940 2328 super
956 2262 1071 2327 iniqui-

140 2345 216 2411 tate,
232 2347 262 2397 et
276 2345 307 2396 in
322 2346 445 2412 rapinis
461 2360 497 2397 ne
511 2347 759 2411 concupiscatis:
778 2344 914 2398 diuitiae
929 2346 956 2397 si
971 2345 1071 2399 afflu-

141 2430 205 2494 ant,
219 2444 256 2480 ne
269 2429 442 2495 apponatis
455 2444 516 2481 cor.
537 2427 565 2481 Si
579 2427 680 2494 fluunt,
694 2427 789 2480 fluxae
802 2430 874 2495 sunt,
889 2427 986 2481 labiles
999 2430 1070 2494 sunt,

141 2513 214 2565 stare
226 2527 282 2564 non
292 2514 422 2578 possunt:
434 2511 492 2564 noli
504 2528 550 2564 eas
561 2511 686 2580 diligere,
698 2528 732 2565 ne
742 2511 857 2565 uideant
867 2514 894 2565 te
906 2511 1071 2580 pendentem

141 2597 174 2648 in‘
184 2612 221 2662 se,
236 2598 262 2648 et
276 2599 422 2663 pereuntes
436 2596 547 2649 trahant
560 2599 586 2649 te
601 2598 666 2663 post
680 2612 717 2650 se.
740 2595 891 2663 Propterea
905 2597 1007 2649 dictum
1021 2598 1070 2663 est,

97 2678 264 2732 aooDiuitiae
283 2679 306 2730 si
325 2678 457 2746 affluant,
476 2696 510 2732 ne
529 2681 677 2747 apponatis
695 2695 750 2734 cor.
777 2679 819 2733 Ne
838 2681 866 2732 in
885 2680 967 2733 rebus
985 2679 1070 2733 fluxis

141 2765 222 2830 atque
234 2762 345 2816 caducis
358 2765 385 2816 et
397 2763 513 2816 terrenis
527 2775 615 2831 ponas
628 2779 682 2830 cor,
695 2765 738 2816 cui
751 2763 866 2817 cottidie
879 2763 986 2831 dicitur,
1000 2762 1070 2817 Sur-

141 2862 207 2899 sum
220 2861 283 2899 cor.

200 2937 225 2990 9.
240 2935 268 2989 Si
282 2938 373 2989 autem
387 2938 514 3004 posueris
528 2953 576 2990 cor
589 2939 616 2990 in
629 2939 710 3003 terra,
725 2937 793 3005 quid
805 2937 856 2990 tibi
870 2936 1071 3005 respondetur?

141 3018 226 3083 Quid
238 3020 392 3087 gloriaris
406 3022 437 3074 in
451 3022 582 3088 malitia,
596 3023 648 3089 qui
661 3026 776 3089 potens
790 3038 823 3075 es
837 3023 867 3076 in
881 3021 1071 3089 iniquitate?

97 3104 223 3157 265Tota
239 3105 291 3157 die
307 3105 502 3158 iniustitiam
519 3107 677 3173 cogitauit
694 3106 803 3173 lingua
819 3109 881 3160 tua.
906 3105 982 3158 Dicis
999 3107 1069 3161 enim

142 3190 170 3240 in
189 3189 272 3241 corde
291 3190 351 3242 tuo:
373 3189 482 3243 Faciam
503 3190 578 3256 quod
598 3205 721 3257 possum,
742 3190 871 3258 impleam
889 3190 1071 3257 cogitationes

141 3288 228 3338 meas,
246 3272 440 3339 suffragantur
456 3272 522 3325 milri
539 3273 656 3326 consilia
671 3290 740 3341 mea,
758 3274 839 3327 adest
856 3290 959 3340 aurum,
977 3289 1070 3341 super-

142 3356 265 3410 abundat
273 3360 424 3425 argentum,
436 3357 530 3410 omnia
541 3373 602 3411 mea
613 3360 685 3411 sunt.
697 3358 758 3413 Tua
766 3361 831 3413 sunt
838 3359 949 3412 omnia?
960 3358 1072 3426 Stulte,

1019 3479 1073 3533 207
