2819 4040
424 304 464 341 XV.
479 303 509 341 De
522 303 578 340 sexta
592 301 639 339 teria
653 302 739 342 Paschae
754 305 769 343 1.

186 428 211 482 3.
230 429 496 483 Commendauimus
513 429 607 482 decem
624 432 651 481 et
668 434 784 498 septem:
808 431 858 483 sed
877 446 957 498 quarn
976 431 1060 495 louge

86 516 192 566 ruosunt
204 531 219 566 a
229 518 339 569 centum
351 515 553 582 quinquaginta
564 514 663 568 trihus!
682 516 765 569 Multi
778 519 868 569 tamen
883 517 971 568 sciunt
983 513 1060 582 quod

129 598 227 651 dicturi
246 615 352 653 sumus:
374 600 420 666 qui
438 599 536 663 sciunt,
555 597 647 651 ferant
664 616 764 654 moras.
789 599 912 664 Quando
930 600 986 652 duo
1005 614 1061 651 am·

128 682 224 736 butant
242 686 269 738 iu
286 686 340 750 uia,
358 699 430 736 unus
448 682 539 749 uelox,
558 685 585 736 et
602 700 672 737 unus
690 686 794 751 tardus,
813 687 840 738 in
859 687 995 752 potestate
1012 699 1059 736 ue-

128 766 196 820 locis
211 770 261 835 est,
276 771 306 822 ut
320 768 402 821 simui
418 766 568 833 ambulent,
584 770 607 820 si
622 772 745 835 expectet
761 771 796 823 ad
812 770 897 823 illum.
922 769 997 836 Ergo
1013 769 1060 835 qui

128 851 180 903 scit
203 853 279 918 quod
301 852 424 904 dicturus
449 866 518 918 sum,
542 852 625 905 uelox
648 856 700 917 est3
728 855 778 907 sed
802 855 926 920 expectet
948 852 1059 904 tardum

86 949 120 986 ros
128 936 264 1002 comitem,
277 936 366 989 donec
378 938 404 987 et
416 937 476 1003 ipse
489 936 639 989 instruatur
650 938 685 990 de
697 938 790 991 decem
803 941 830 990 et
842 939 956 1004 septem.
978 936 1061 989 Fiunt

129 1022 236 1072 centum
252 1021 452 1086 quinquaginta
464 1021 529 1086 treS,
543 1021 566 1072 si
581 1021 633 1087 ipsi
647 1021 741 1073 decem
755 1023 782 1073 et
795 1023 901 1087 septem
916 1021 954 1072 sic
968 1035 1060 1072 nume-

132 1105 234 1170 rantur,
252 1105 283 1156 ut
300 1103 334 1156 ab
351 1118 408 1156 uno
427 1104 551 1170 incipiaS,
570 1107 597 1156 et
614 1121 709 1158 omnes
728 1105 825 1169 addas,
845 1119 1003 1170 quousque
1024 1104 1059 1155 ad

129 1185 222 1239 decem
239 1188 266 1239 et
281 1189 386 1253 septem
402 1187 555 1254 peruenias.
578 1187 606 1242 Si
622 1191 695 1242 enim
710 1190 826 1255 incipias
842 1189 942 1252 dicere,
958 1187 1059 1254 Unum,

129 1270 195 1337 duo,
215 1271 277 1336 tria,
297 1273 423 1338 quatuor,
445 1273 571 1338 peruenis
594 1272 629 1324 ad
650 1272 753 1337 decem,
774 1273 802 1323 et
822 1287 878 1323 non
899 1271 1060 1323 inuenturus

87 1371 121 1408 110
129 1369 158 1406 es
174 1354 201 1406 in
216 1369 298 1407 manu
312 1357 359 1407 tua
375 1355 427 1407 nisi
443 1354 545 1408 decem.
567 1354 595 1408 Si
611 1359 702 1409 autem
716 1356 755 1408 sic
770 1369 908 1408 numeres:
930 1368 1013 1406 unum
1034 1355 1061 1405 et

129 1438 195 1505 du0,
213 1438 268 1492 iam
285 1441 341 1491 tres
359 1440 434 1491 sunt:
459 1442 486 1492 et
503 1440 564 1505 tria,
582 1442 636 1493 iam
655 1456 703 1492 sex
720 1441 795 1492 sunt:
818 1441 845 1490 et
863 1438 988 1505 quatuor,
1007 1438 1066 1489 iam

129 1521 223 1575 decem
243 1524 318 1575 sunt:
343 1525 370 1575 et
389 1524 517 1590 quinque,
537 1525 590 1576 iam
611 1523 768 1592 quindecim
788 1523 863 1575 sunt:
887 1524 913 1573 et
932 1536 988 1586 sex,
1008 1523 1061 1574 iam

129 1607 228 1674 uiginti
250 1622 334 1659 unum
356 1609 430 1660 sunt:
456 1610 483 1660 et
505 1610 618 1675 septem,
641 1609 695 1660 iam
717 1601 839 1676 uigintill
849 1607 912 1658 octo
935 1607 1009 1658 sunt:
1035 1607 1060 1657 et
1070 1615 1102 1653 roi
1116 1615 1139 1653 ro

130 1692 201 1756 oct0,
215 1690 268 1742 iarn
280 1691 394 1757 triginta
406 1707 454 1742 sex
466 1693 540 1743 sunt:
559 1693 586 1744 et
599 1706 707 1757 nouem,
721 1691 775 1742 iam
788 1689 973 1756 quadraginta
985 1689 1062 1755 quin·

87 1787 121 1824 115
131 1789 182 1841 que
200 1773 284 1826 fiunt:
304 1776 331 1826 et
347 1774 450 1840 decern,
468 1776 521 1827 iam
539 1775 742 1841 quinquaginta
760 1774 880 1840 quinque
898 1774 969 1825 sunt.
995 1770 1063 1825 Ecce

130 1858 184 1909 iam
205 1858 323 1925 proximi
343 1873 446 1923 sumus
467 1861 494 1910 et
514 1874 578 1924 spes
599 1860 641 1910 est
662 1857 851 1923 perueniendi,
873 1858 937 1923 quia
956 1858 1063 1909 tantum

130 1942 302 1994 accessimus
325 1939 406 1994 Adde
423 1957 490 2009 ergo
505 1941 642 2007 undecim,
660 1940 734 1994 fiunt
750 1941 895 2007 sexaginta
911 1956 970 1992 sex:
990 1939 1063 1992 adde

129 2024 285 2092 duodecim,
297 2024 371 2079 fiunt
381 2027 558 2093 septuaginta
570 2027 645 2077 octo:
658 2025 730 2077 adde
742 2024 882 2091 tredecim,
894 2023 967 2077 'fiunt
978 2041 1063 2078 nona-

129 2111 206 2177 ginta
224 2124 320 2162 unum:
341 2110 414 2162 adde
432 2112 459 2162 et
477 2109 694 2176 quatuordecim,
715 2109 789 2161 fiunt
806 2111 914 2161 centum
934 2110 1061 2175 quinque.

88 2208 122 2245 120
132 2193 188 2246 Iam
200 2196 227 2246 et
237 2193 310 2246 tardi
322 2196 450 2247 secuntur
461 2193 580 2246 ueloces.
599 2192 681 2245 Adde
693 2209 761 2259 ergo
773 2194 800 2244 et
812 2192 976 2259 quindecim,
989 2192 1062 2244 fiunt

128 2279 236 2329 centum
257 2278 369 2343 uiginti:
396 2276 469 2329 adde
490 2276 619 2342 sedecim,
642 2276 716 2328 iiunt
736 2277 845 2328 centum
867 2276 980 2342 triginta
1003 2292 1061 2327 sex:

130 2359 202 2412 adde
218 2360 311 2412 decem
327 2362 355 2412 et
370 2362 485 2426 septem,
502 2359 576 2412 fiunt
591 2361 699 2412 centum
716 2359 917 2426 quinquaginta
932 2361 997 2411 tres,
1022 2358 1062 2410 ibi

129 2459 196 2510 ergo
220 2447 299 2496 erunt
320 2460 417 2496 omnes
442 2445 488 2511 qui
512 2445 624 2496 currunt
648 2443 684 2496 ad
708 2443 802 2495 decem
827 2445 854 2494 et
877 2445 990 2509 septem,
1016 2443 1061 2509 qui

129 2527 234 2579 faciunt
253 2527 413 2602 legemdei,
432 2528 582 2580 adiuuante
601 2527 700 2594 spiritu
718 2526 772 2579 dei.
840 2527 841 2530 ’

188 2737 197 2777 i
217 2737 273 2779 Vide
290 2736 382 2778 Praciat.
400 2736 427 2779 ad
445 2750 465 2779 n.
482 2737 567 2779 XLVII.
591 2738 717 2778 PASCHAE.
736 2736 758 2790 1.]
776 2736 805 2781 ita
822 2737 844 2778 in
862 2736 906 2778 tine
923 2749 995 2779 sermo
1013 2736 1062 2778 sub-

128 2808 232 2853 scribitur.
252 2809 453 2862 2euangiliiG.
486 2810 509 2850 li
531 2809 684 2863 tyberiadis.
717 2811 744 2851 22
764 2810 909 2851 metterent.
941 2811 968 2851 23
988 2809 1061 2862 retia]

129 2880 177 2925 L'uc.
186 2883 205 2934 5,
214 2883 233 2924 4,
260 2881 393 2934 miserunt]
408 2881 489 2935 aliquid
503 2881 537 2923 hic
550 2881 690 2933 desideratur,
703 2883 792 2935 utputa
806 2883 835 2933 ,et
848 2883 930 2924 tantum
945 2881 1061 2936 ceperunt,

127 2952 313 3008 quemadmodum
327 2954 349 2995 in
363 2953 462 2995 eiusdem
477 2953 600 3007 argumenti
614 2953 681 2997 Serm.
697 2954 745 3006 250,
760 2955 773 2994 2
787 2953 862 3007 legere
875 2957 914 2997 est.
941 2954 968 2995 24
983 2954 1062 2996 hono·

128 3027 227 3069 starent
244 3037 297 3069 corr.
329 3026 355 3067 25
374 3025 565 3079 rumperentur]
584 3026 633 3067 Luc.
653 3026 725 3078 5,7.o.
758 3027 785 3067 27
803 3025 909 3082 partem]
930 3025 975 3069 Ioh.
995 3026 1028 3080 21,
1042 3027 1060 3067 ὁ,

127 3099 155 3140 32
173 3097 303 3150 numerus]
324 3110 376 3139 sex
392 3110 413 3139 m
432 3109 486 3141 corr.
518 3099 546 3139 37
564 3097 706 3150 numerum}
728 3097 763 3140 Ps.
783 3100 817 3150 39,
838 3099 861 3148 6;
881 3098 960 3141 eadem
978 3099 1061 3141 ratione

127 3182 215 3213 uersum
235 3170 388 3224 interpretatur
408 3169 544 3223 Augustinus
564 3170 632 3213 Serm.
654 3171 701 3221 248,
722 3182 743 3213 n,
758 3172 782 3221 3;
803 3172 851 3223 250,
872 3184 892 3213 n.
906 3173 930 3221 33
951 3171 989 3213 251
1006 3183 1026 3212 n.
1041 3172 1059 3211 2,

127 3244 155 3284 40
167 3243 296 3287 scismata,
322 3241 412 3285 42ille.
438 3242 462 3284 51
478 3241 541 3294 quid
554 3242 612 3295 tam]
626 3241 758 3295 quiddam
772 3242 803 3293 ῦς
818 3242 845 3285 ct.
859 3254 925 3297 supra
938 3243 1008 3285 Tract.
1023 3242 1058 3295 XI,

127 3314 139 3358 1.
155 3316 196 3356 140
215 3327 248 3368 sq.
268 3314 392 3368 ,cogidare‘.
425 3316 449 3355 ct
467 3314 594 3367 pertinuit
613 3314 644 3356 ad
657 3315 859 3369 euangelistam]
881 3316 972 3369 August.
992 3315 1059 3358 Serm.

127 3388 174 3439 240,
192 3388 214 3428 1:
228 3387 263 3439 ,Et
279 3387 382 3440 quoniam
398 3386 419 3428 in
434 3386 468 3428 illa
483 3386 552 3440 prima
566 3387 686 3440 piscatione
700 3387 783 3430 dictum
798 3390 844 3431 erat
859 3389 909 3442 quia
924 3399 975 3442 prae
990 3389 1060 3431 mutti-

1025 3501 1061 3553 50
