2819 4040
566 358 663 398 Praefatio

179 490 252 536 XLIV.
271 490 285 535 f.
304 479 347 532 70V
363 489 447 531 Bonum
466 489 500 531 est
516 491 541 531 ut
556 490 755 532 commemoremini
773 487 833 543 quod
851 486 910 531 omni
930 497 987 529 anno
1005 483 1080 527 sotetts

208 563 282 606 audIre
296 599 301 609 .
315 563 374 605 Sicut
386 562 442 603 enim
455 561 515 614 quod
528 562 629 615 scriptum
643 565 676 605 est
689 597 694 606 .
709 595 714 604 .
729 595 732 603 .
747 573 816 615 usque
829 561 856 604 ad
869 557 1081 603 consummationem

208 635 287 677 saecuti
308 670 313 680 .
334 641 397 676 amen
418 667 422 676 .
444 632 517 675 EXPL
536 665 541 675 .
561 634 738 679 TRACTATUS
774 635 811 677 DE
846 632 961 683 QVINTA
996 629 1081 674 reum

209 706 301 749 PASCE
314 741 319 751 .
334 707 361 750 I.

207 782 264 834 ,Hic
282 797 391 849 quoque
409 798 499 835 sermo
517 781 647 836 hactenus
665 785 829 851 incognitus,
847 786 876 836 at
893 797 1007 849 prorsus
1025 779 1080 832 Au-

147 868 314 934 gustinianiS
327 866 521 933 accensendus,
535 867 561 919 in
575 883 629 934 quo
642 868 676 920 de
688 868 780 922 uerbis
794 867 930 934 euangelii
946 865 1078 919 Iohannci

148 951 191 1017 20,
208 950 242 1002 17
258 949 332 1002 Noli
349 966 394 1002 me
410 953 541 1017 tangere
557 951 720 1018 disputatur,
737 954 766 1003 ut
782 953 808 1003 in
825 951 907 1003 editis
923 948 1077 1002 aaa-246:

149 1049 230 1101 quam
246 1033 393 1100 pericopen
409 1051 430 1087 s.
446 1036 592 1101 episcopus
608 1037 691 1101 ,omni
707 1034 798 1101 anno‘,
814 1037 844 1087 ut
859 1035 917 1102 ipse
932 1035 1011 1086 testis
1027 1035 1077 1098 est,

150 1117 244 1187 (serm.
262 1117 323 1183 246,
341 1134 367 1171 n.
384 1115 415 1186 3)
434 1134 570 1184 exponere
590 1117 694 1171 solebat.

178 1227 241 1271 XLV.
254 1226 269 1270 f.
282 1216 326 1268 Iiv
352 1228 451 1271 Narratio
463 1229 625 1273 resurrectionis
636 1230 718 1272 domini
730 1230 798 1271 nostri
810 1229 859 1270 Iesu
872 1227 951 1270 Christi
960 1226 1079 1270 secundum

209 1299 367 1352 euangelistam
391 1299 566 1346 Iohannem...
589 1302 709 1345 laudabunt
731 1304 771 1344 te.
796 1300 869 1343 EXPL
883 1333 887 1342 .
901 1298 1079 1344 TRAC'TATUS

209 1370 249 1413 DE
261 1371 376 1421 QUINTA
390 1372 474 1418 FERIA
488 1373 579 1416 PASCE
593 1411 597 1420 ,
612 1375 649 1416 IIII
665 1409 670 1418 .
685 1374 734 1431 (εἰς)

208 1447 357 1515 Augustini
373 1465 464 1503 sermo
478 1451 539 1504 243.

179 1557 252 1601 XLVI.
271 1556 286 1601 f,
305 1558 332 1600 73
351 1557 384 1600 De
402 1557 493 1600 tectione
510 1560 618 1614 euangelii
632 1592 637 1601 .
651 1559 717 1602 bodie
735 1558 855 1601 secundum
873 1556 992 1600 Iohannem
1011 1568 1080 1599 resur-

207 1629 274 1672 rectto
289 1629 373 1672 domini
388 1630 476 1674 recitata
493 1633 526 1673 est
539 1668 543 1676 .
558 1665 562 1674 .
577 1664 582 1674 .
599 1633 635 1685 qui
652 1643 691 1685 pro
708 1630 772 1673 nobIs
789 1632 888 1672 mortuus
904 1631 937 1671 est
953 1629 974 1670 in
990 1628 1079 1670 infirmi-

206 1702 269 1746 tate.
284 1714 366 1745 amen.
381 1702 472 1745 ΕΧΡΕ,
487 1703 665 1748 TRACTATUS
680 1703 720 1745 DE
733 1702 849 1752 QUINTA
864 1701 949 1746 FERIA
964 1700 1080 1743 SANCTE

208 1773 300 1816 PASCE
313 1809 319 1818 .
333 1774 371 1816 IIII
386 1808 391 1818 .

210 1851 240 1904 ln
259 1852 316 1905 Ioh.
334 1852 376 1919 20,
395 1853 482 1906 1-18
498 1869 548 1920 pro
565 1854 635 1906 feria
653 1854 748 1919 quinta
765 1850 887 1904 Paschae
904 1866 995 1903 sermo
1012 1850 1080 1902 alter

149 1935 278 2001 ineditus,
294 1935 421 2002 idemque
434 1934 593 2003 Augustino
608 1936 797 1989 indubitanter
811 1934 1019 1999 adscribendus
1034 1936 1079 2000 qui

149 2018 293 2071 lectionem
308 2020 445 2086 euangelii
460 2020 611 2072 secundum
627 2019 726 2072 Lucam
741 2019 783 2085 24,
799 2018 834 2071 36
849 2033 908 2084 sqq.
924 2017 1013 2085 pridie
1029 2018 1079 2070 lec-

148 2105 204 2155 tam
222 2102 310 2155 tuIssc
327 2106 535 2156 commemorat:
553 2106 583 2156 ut
600 2119 634 2156 ex
650 2102 693 2155 Ius
711 2103 746 2155 de
764 2102 886 2169 paschali
904 2101 1080 2154 hebdomada

147 2187 310 2239 tractatibus
325 2189 515 2254 pericoparum
530 2187 601 2240 ordo
617 2187 699 2240 tacite
713 2188 820 2240 restitui
835 2188 933 2254 possit,
949 2188 994 2254 qui
1011 2186 1080 2252 Hip·

149 2285 221 2338 pone
238 2268 326 2337 Regio
342 2271 453 2323 saecuto
469 2272 566 2337 quinto
582 2272 692 2323 ineunte
707 2273 832 2338 receptus
848 2274 915 2324 erat.

178 2385 261 2430 XLVII.
281 2384 296 2428 i.
315 2387 343 2428 74
361 2386 430 2429 Noutt
446 2386 524 2430 cantas
541 2388 615 2428 uestra
633 2386 736 2430 IectIones
754 2386 808 2429 Istas
826 2387 894 2430 sancti
912 2385 1041 2442 euangelii.
1056 2419 1060 2428 .
1076 2418 1079 2427 .

209 2457 240 2500 Ibi
257 2469 310 2511 ergo
328 2461 390 2501 crunt
405 2469 483 2502 omnes
500 2458 537 2511 qui
551 2460 640 2500 currunt
656 2459 683 2501 ad
699 2459 774 2501 decem
791 2460 813 2501 et
829 2459 913 2513 septem
927 2494 932 2504 .
947 2458 985 2512 qui
1000 2458 1082 2501 iaciunt

208 2528 280 2583 regem
295 2529 332 2572 dei
351 2565 356 2575 .
377 2530 493 2573 anniane
509 2530 585 2584 spinea
600 2530 635 2573 aei
655 2564 660 2574 .
680 2543 743 2573 amen
764 2563 768 2572 .
790 2520 864 2573 exer·
883 2564 888 2573 .
905 2529 1083 2575 rnncrnrns

209 2600 248 2643 DE
262 2601 357 2644 SEXTA
372 2601 458 2647 FERIA
473 2602 565 2645 PASCE
578 2638 583 2647 .
597 2604 605 2645 Ι
620 2638 624 2647 .

210 2677 245 2731 Et
260 2680 313 2732 iste
328 2680 355 2731 in
372 2695 466 2732 eorum
481 2695 596 2732 numero
611 2682 661 2746 est,
678 2681 723 2747 qui
738 2679 781 2732 bic
797 2682 915 2748 primum
930 2679 1079 2747 Augustini

149 2763 260 2815 nomine
278 2764 402 2830 Inscripti
421 2764 447 2815 in
467 2763 553 2816 lucem
571 2763 700 2816 eduntur:
719 2766 818 2816 tractat
835 2763 871 2816 de
889 2763 1008 2817 mirabili
1026 2766 1081 2831 pis·

148 2846 256 2899 catione
274 2847 310 2900 ad
328 2863 403 2900 mare
421 2847 587 2913 Tiberiadis,
607 2847 665 2902 Iob.
684 2849 726 2914 21,
747 2849 758 2900 I
780 2864 849 2915 sqq,
868 2849 895 2900 et
913 2848 948 2900 de
967 2848 1080 2915 mystica

149 2932 254 2984 numeri
276 2933 392 2999 piscium
414 2932 629 2999 significatione,
652 2932 679 2983 in
701 2947 754 2998 qua
776 2934 884 2984 tantum
906 2933 996 2984 uirum
1018 2931 1080 2999 plus

150 3030 238 3081 aequo
261 3031 291 3068 se
313 3015 476 3083 oblectasse,
499 3031 559 3069 cum
582 3016 702 3083 aliunde,
724 3019 782 3069 turn
805 3017 950 3084 praecique
972 3033 1005 3069 ex
1027 3033 1081 3069 ser-

150 3098 278 3151 monibus
295 3099 433 3152 242-252
451 3101 546 3152 notum
565 3103 614 3153 est.

179 3199 273 3245 XLVIII.
289 3201 303 3244 I.
319 3203 347 3244 Io
361 3201 491 3245 Liberatoris
504 3202 573 3247 nostri
588 3202 707 3257 predicatio
724 3202 773 3261 (sic)
788 3206 863 3247 nostra
878 3205 912 3247 est
925 3203 1023 3248 liberatio
1037 3236 1042 3246 .
1056 3236 1061 3246 .
1076 3237 1080 3246 .

209 3273 231 3314 et
248 3273 306 3317 eritis
323 3286 368 3316 non
386 3274 414 3316 ad
432 3274 541 3317 sinistram
559 3275 677 3318 damnandi
691 3311 696 3320 .
710 3276 750 3318 sed
768 3276 796 3319 ad
813 3277 925 3320 dexteram
943 3276 1080 3320 coronandi.

207 3357 273 3392 anien
287 3381 291 3390 .
306 3345 380 3388 EXPL'*
393 3380 397 3390 .
412 3345 590 3390 TRACTATUS
606 3346 645 3390 be
660 3347 756 3391 SEXTA
772 3348 857 3395 FERIA
873 3349 982 3392 PASCA.
999 3349 1016 3392 II
1031 3380 1036 3391 .

209 3420 305 3476 Sermo
322 3422 471 3491 Augustini
488 3425 624 3509 genuInus
643 3426 704 3480 251.

1035 3547 1083 3601 XV
