2819 4040
449 363 507 402 ΧΧΧ.
521 363 551 403 De
564 366 627 405 natate
640 370 750 408 sanctorum
764 367 904 409 scillitanorum

181 496 205 533 ro
213 483 317 540 Similis
334 491 376 541 est
391 491 474 543 corde
485 493 518 558 ei,
536 494 581 559 qui
597 507 648 545 non
662 493 736 547 sentit
749 494 773 547 in
786 513 875 550 carne.
894 496 969 550 Dure
986 499 1014 550 et
1029 495 1141 562 stolide,

212 571 279 636 quid
291 571 401 627 fecisti?
412 572 440 627 Si
452 576 544 641 sentit,
556 575 658 645 fecisti3
670 581 693 632 si
705 597 760 635 non
772 583 863 649 sentit,
875 583 993 636 inaniter
1004 581 1141 635 insanisti.

211 651 367 722 Ostendo,
381 658 476 725 inquit,
490 658 584 713 uobis
598 677 686 728 quem
699 667 851 719 timeatis:
865 669 925 734 qui,
939 683 1005 720 eum
1019 666 1141 721 occide-

210 739 263 804 rit,
279 739 374 793 habet
389 744 582 808 potestatem
597 748 721 802 mittere
737 751 767 802 in
782 750 965 817 gehennam.
992 748 1073 810 Quod
1087 763 1139 801 non

209 822 293 875 habet
310 823 395 878 homo
412 841 558 892 percussor
575 832 602 882 et
620 833 788 901 interfector,
807 836 853 901 qui
871 850 958 902 usque
976 836 1012 888 ad
1029 851 1138 889 carnem

177 906 283 974 75ferit,
299 911 415 962 exeunte
429 912 528 977 spiritu
544 929 598 966 non
614 918 744 984 sequitur,
761 919 825 984 quia
840 934 889 970 nec
903 919 988 972 uidet.
1009 917 1080 982 Quis
1095 922 1138 973 est

208 992 367 1046 timendus?
388 993 458 1046 Vide
478 1012 493 1047 a
514 1011 569 1062 quo
590 1001 732 1067 occidaris,
753 1000 818 1053 uide
840 1001 980 1067 quomodo
1001 1003 1136 1056 moriaris.

209 1075 303 1129 Habet
314 1078 340 1129 te
351 1078 378 1129 in
389 1080 527 1144 potestate
539 1084 602 1146 post
613 1085 737 1150 mortem,
749 1085 794 1150 qui
806 1083 926 1136 habebat
936 1086 998 1136 ante
1009 1087 1136 1150 mortem;

207 1176 271 1213 nam
292 1176 340 1213 nec
360 1161 444 1215 homo
465 1164 539 1217 inte
560 1166 664 1233 aliquid
685 1168 797 1234 iaceret,
823 1169 876 1220 nisi
897 1167 943 1219 ille
964 1170 1137 1234 permitteret.

206 1244 320 1297 Miraris
339 1246 402 1312 quia
420 1245 466 1298 ille
484 1250 634 1313 permittit?
652 1250 726 1304 Audi
744 1254 895 1318 martyrum
913 1253 1070 1318 principem,
1089 1254 1134 1320 qui

173 1338 267 1382 cocum
278 1326 459 1399 iudicalretur
469 1331 503 1384 ab
514 1332 633 1401 homine,
644 1335 713 1387 deus
725 1334 856 1401 occultus,
868 1334 951 1387 bomo
962 1336 1133 1404 manifestus,
1144 1346 1189 1383 tw

206 1415 233 1466 in
249 1429 304 1481 quo
317 1416 554 1482 contemnebatur3
569 1418 615 1471 ille
630 1435 696 1486 ergo
710 1434 771 1472 eum
786 1419 953 1471 iudicaretur
967 1419 1001 1471 ab
1016 1419 1133 1487 homine,

205 1497 318 1550 intlauit
336 1514 365 1550 se
382 1498 474 1553 homo.
499 1499 569 1553 Non
587 1502 674 1568 mihi,
693 1504 789 1569 inquit,
808 1502 1005 1568 respondes?
1023 1502 1133 1557 Nescis

205 1583 278 1648 quia
293 1585 486 1649 potestatem
500 1585 601 1638 haheo
615 1586 783 1639 occidendi
797 1588 828 1638 te
842 1587 873 1637 et
886 1585 1072 1638 dimittendi
1085 1587 1134 1639 te?

206 1666 241 1719 Et
263 1666 310 1719 ille
330 1667 412 1734 mitis,
436 1668 566 1721 dominus
588 1671 719 1736 omnium,
741 1684 838 1722 seruus
860 1670 991 1735 omnium,
1024 1668 1135 1720 seruiens

171 1760 195 1797 85
204 1752 325 1818 aegrotis
346 1768 401 1805 non
419 1753 581 1806 condicione
601 1754 651 1806 sed
671 1754 828 1819 dilectione,
849 1755 876 1805 et
895 1754 985 1819 ipsum
1005 1753 1133 1807 inflatum

202 1838 229 1888 et
243 1838 392 1889 tumentem
406 1839 519 1890 curauit.
541 1837 670 1890 Christus
685 1837 720 1890 ab
735 1837 785 1889 illo
800 1837 878 1904 quasi
893 1837 1072 1903 indicabatur,
1087 1837 1133 1890 ille

203 1919 346 1974 aChristo
369 1921 525 1974 curabatur:
548 1923 671 1975 tumidus
694 1922 798 1987 terruit,
822 1922 872 1974 sed
895 1922 1016 1974 medicus
1040 1923 1132 1975 secuit.

202 2002 247 2056 Ad
260 2004 307 2056 ubi
321 2021 350 2057 se
364 2004 476 2058 inflauit
489 2009 519 2058 ut
531 2006 628 2072 uoluit,
643 2021 808 2072 responsum
822 2006 937 2072 accepit3
951 2022 1006 2058 non
1019 2009 1049 2058 ut
1062 2006 1133 2058 dice-

202 2089 276 2140 retur
292 2090 325 2155 ei,
342 2088 407 2141 Non
423 2089 508 2142 habes
526 2091 553 2141 in
570 2105 613 2141 me
630 2091 804 2156 potestatem,
821 2089 872 2141 sed
888 2104 941 2155 ego
957 2089 1046 2141 habeo
1063 2090 1090 2141 in
1107 2091 1132 2141 te

169 2173 295 2238 saporius
310 2174 483 2239 potestatem.
504 2171 590 2235 Quod
604 2173 628 2224 si
642 2172 773 2225 dominus
787 2172 898 2238 diceret,
913 2187 1007 2224 uerum
1022 2172 1132 2238 diceret,

201 2254 251 2306 sed
272 2254 353 2307 nobis
372 2256 527 2322 exemplum
548 2272 603 2308 non
624 2256 776 2323 praeberet.
799 2256 848 2309 ille
869 2258 974 2309 etcum
994 2259 1133 2323 pateretur

200 2339 303 2405 docuit,
322 2340 386 2406 quia
402 2342 429 2392 et
446 2354 507 2392 cum
525 2341 686 2392 temtaretur
704 2340 806 2394 docuit.
845 2338 990 2400 Quomodo
1005 2342 1030 2392 te
1046 2338 1133 2392 docuit

198 2423 266 2490 quid
277 2424 447 2490 respondeas
458 2426 608 2490 temtatori,
624 2423 729 2491 quando
745 2428 876 2478 temtatus
888 2429 938 2492 est,
950 2428 989 2478 sic
1000 2428 1026 2478 te
1037 2425 1131 2479 docuit

200 2509 267 2575 quid
282 2509 453 2575 respondeas
468 2511 646 2576 persecutori,
663 2510 774 2577 quando
791 2510 926 2563 iudicatus
942 2513 992 2563 est.
1008 2511 1069 2564 Vox
1083 2511 1130 2563 illa

167 2603 190 2640 95
199 2595 295 2645 nostra
313 2595 379 2660 erat,
396 2596 479 2660 caput
497 2610 549 2661 pro
567 2610 682 2661 corpore
702 2595 874 2661 loquebatur,
894 2593 971 2657 Quid
990 2611 1056 2662 ergo
1074 2595 1130 2648 ait?

199 2676 270 2730 Non
286 2677 420 2730 haberes
437 2679 467 2730 in
484 2694 529 2730 me
546 2681 750 2745 potestatem,
767 2680 829 2731 nisi
846 2679 953 2731 datum
969 2680 1029 2731 tibi
1045 2681 1130 2731 esset

197 2760 343 2828 desuper.
364 2761 428 2813 Non
446 2762 525 2828 dixit,
545 2762 609 2821 Non
628 2762 724 2827 babes;
744 2763 801 2829 sed,
821 2762 886 2816 Non
904 2763 1057 2828 habuisses
1076 2763 1128 2815 nisi

198 2846 358 2912 accepisses.
376 2844 478 2898 Docuit
492 2849 639 2913 martyrem
654 2846 795 2899 subditum
811 2862 872 2899 esse
887 2846 997 2913 debere,
1013 2862 1067 2900 non
1081 2846 1128 2899 ho-

128 2969 131 2977 .
198 2930 273 2995 mini,
289 2929 339 2982 sed
354 2929 420 2994 deo;
436 2930 530 2983 docuit
546 2933 701 2997 martyrem,
718 2929 830 2996 quando
847 2930 881 2982 ab
897 2929 1008 2982 homine
1024 2930 1128 2997 aliquid

154 3025 189 3063 ruo
197 3013 308 3079 patitur,
325 3028 380 3065 non
397 3014 492 3066 timere
509 3014 656 3080 hominem,
673 3014 723 3067 sed
740 3029 802 3066 eum
819 3015 865 3081 qui
882 3014 1020 3067 hominem
1037 3013 1127 3066 facere

196 3096 338 3162 permittit,
354 3097 399 3162 qui
413 3095 518 3149 homini
533 3098 582 3150 dat
597 3099 770 3165 potestatem.
788 3098 841 3159 1110
855 3098 1016 3165 magisterio
1030 3097 1127 3150 edocta

195 3178 348 3232 fortissima
356 3179 707 3250 femina:,ti0nore<m>,
726 3180 813 3250 inquit,
826 3180 956 3235 Caesari
970 3185 1126 3249 tamquam
1150 3195 1200 3226 nonar
1202 3205 1266 3227 nnnnnnn

194 3261 341 3323 Caesari:
360 3266 505 3318 timorem
525 3268 628 3319 autem
648 3266 727 3320 deo!
752 3265 808 3319 Sua
827 3269 884 3319 suis
904 3266 1034 3331 reddidit,
1063 3263 1127 3317 iuste
1157 3245 1257 3330 {22⁵0ssssssssss

194 3346 379 3413 distribuend03
407 3350 560 3416 respondit,
576 3366 625 3403 nec
640 3351 767 3417 superba,
783 3367 832 3404 nec
847 3351 967 3404 infirma.
1012 3348 1128 3402 nnenun

152 3447 186 3484 105
196 3434 354 3500 apostolum
371 3434 517 3487 dicentem:
533 3433 627 3487 Omni
642 3435 797 3488 humanae
812 3437 1038 3489 constitutioni
1056 3433 1126 3486 sub·

193 3566 208 3599 S,
217 3566 298 3605 Augustini
308 3568 384 3598 tractatus.
415 3564 427 3600 9
1077 3560 1127 3612 129
