2819 4040
637 300 655 339 S.
669 300 774 349 Augustini
787 301 878 341 tractatus

309 420 373 473 Non
386 421 467 487 enim,
479 422 502 474 si
515 422 574 488 agis
587 421 684 475 horam
695 425 813 491 tertiam,
825 440 939 478 reuocas
951 425 1078 491 primam:
1092 428 1138 479 aut
1150 427 1184 478 de
1196 426 1241 478 die

307 505 437 558 hesterno
449 505 572 572 lugitiuo
582 507 732 560 crastinum
745 508 826 575 iacis;
838 511 903 576 post
914 508 1056 576 paululum
1068 512 1095 563 et
1105 511 1241 563 crastinus
1249 525 1272 563 35

307 590 358 642 erit
377 589 531 644 hesternus
551 589 629 654 Quid
649 591 737 658 prode
758 597 800 647 est
820 596 874 648 ista
893 609 948 646 non
967 596 1151 661 contemnere,
1171 610 1241 662 quae

307 674 428 727 amando
446 690 502 727 non
519 677 599 741 potes
617 675 760 731 detinere?
780 678 863 746 Fugit
880 681 907 732 te
925 678 985 730 dies
1003 681 1118 745 amatus,
1137 679 1242 732 accedit

195 772 221 807 ns,
242 779 273 800 eu·
306 758 375 810 deus
391 758 574 813 desideratus.
591 758 654 812 lloc
670 776 740 827 ama,
757 777 812 828 quo
828 762 947 816 amando
963 764 1117 829 peruenias.
1137 762 1240 815 Fidelis

306 845 356 909 est,
371 844 427 896 stat
441 844 476 897 ad
490 846 529 897 te:
544 846 607 897 ueni
623 844 659 898 ad
673 860 745 899 eum.
761 846 797 900 Et
811 848 864 901 hoc
878 848 957 915 piger
970 863 1042 901 eras:
1064 849 1141 900 uenit
1155 848 1190 900 ad
1204 850 1240 913 te,
1324 899 1326 908 ,

305 929 386 981 natus
402 930 445 981 est
459 932 573 997 propter
588 932 623 996 te,
640 932 765 984 mortuus
782 936 825 986 est
839 936 953 1000 propter
967 935 1002 985 te.
1248 947 1272 984 1ο

364 1014 389 1066 2.
405 1012 472 1065 Noli
485 1029 552 1080 ergo
566 1015 662 1067 timere
676 1030 799 1068 amarum
814 1016 942 1083 poculum
956 1017 1064 1069 mortis:
1078 1032 1153 1069 mors
1167 1017 1239 1069 enim

305 1113 397 1149 amara
412 1100 462 1163 est,
477 1097 527 1151 sed
542 1098 674 1165 perhanc
688 1100 901 1154 amaritudinem
915 1102 951 1154 ad
965 1116 1093 1167 magnam
1107 1103 1240 1153 transitur

304 1181 487 1236 dulcedinem.
503 1180 671 1235 ’Amaritudo
687 1184 740 1235 ista
756 1186 862 1238 uiscera
879 1187 985 1238 animae
1001 1187 1064 1237 tuae
1079 1187 1167 1249 eurat3
1183 1200 1239 1237 non

304 1266 327 1316 si
350 1266 486 1332 moriaris,
507 1266 557 1319 sed
579 1268 602 1318 si
624 1282 675 1333 pro
697 1269 814 1321 ueritate
836 1271 971 1322 moriaris¹
999 1268 1164 1322 'Amaritudo
1186 1270 1239 1320 ista

212 1363 245 1399 nn.
260 1363 294 1399 111
304 1349 476 1402 medicinalis
490 1352 540 1417 est,
554 1366 609 1403 non
623 1351 726 1404 letalis:
740 1357 820 1406 sanat
833 1355 914 1406 interi
931 1349 942 1423 ΙΙ
956 1369 1005 1406 ora
1017 1356 1072 1419 tua,
1087 1353 1151 1405 bibe
1164 1368 1238 1406 secu·
1246 1366 1270 1403 45

303 1449 358 1488 rus.
389 1433 477 1501 Quod
500 1451 555 1488 non
580 1435 720 1489 dubitauit
744 1437 839 1491 bibere
864 1438 996 1504 medicuS,
1022 1454 1104 1506 quare
1129 1437 1238 1490 dubitat

302 1519 397 1572 bibere
417 1521 566 1586 aegrotus?
585 1520 643 1588 llle,
662 1520 738 1588 quod
757 1523 784 1574 in
803 1538 833 1575 se
851 1522 1035 1576 amaritudine
1053 1522 1145 1589 poculi
1163 1522 1237 1574 illius

301 1606 416 1670 curaret,
432 1620 487 1657 non
502 1604 633 1669 habehat;
649 1608 763 1671 propter
775 1608 803 1658 te
817 1606 896 1670 bibit,
912 1622 945 1658 ne
959 1606 1010 1658 tibi
1025 1620 1163 1658 uenenum
1175 1605 1235 1658 dari

302 1690 422 1753 putares,
444 1687 562 1755 Propter
579 1690 606 1741 te
626 1689 704 1755 bibit,
724 1691 755 1742 ut
774 1690 895 1743 disceres
915 1690 1017 1743 dicere:
1038 1688 1187 1743 Pretiosa
1206 1690 1236 1741 in

301 1776 476 1840 conspectu
498 1774 619 1826 domini
640 1789 724 1826 mors
747 1776 928 1827 sanctorum
950 1775 1027 1827 eius.
1057 1772 1268 1826 ‘Confitentesso

302 1855 445 1908 Christum
468 1857 579 1909 diuersa
600 1858 725 1923 perpessi
748 1859 823 1909 sunt:
846 1855 893 1909 alii
916 1856 1013 1923 gladio
1034 1858 1166 1924 percussi,
1189 1857 1236 1910 alii

301 1939 411 2006 ignibus
431 1942 604 2007 concremati,
625 1940 671 1993 alii
692 1941 760 1993 ieris
779 1941 889 2007 obiecti,
910 1941 956 1994 6111
977 1956 1027 1993 1166
1045 1941 1156 2007 sepeliri
1176 1956 1235 2007 per-

300 2026 387 2078 missi.
410 2024 487 2078 Dura
506 2026 607 2091 omnia,
628 2040 712 2078 saeua
732 2025 834 2091 omnia,
855 2024 994 2078 horrenda
1013 2025 1118 2077 omnia:
1138 2024 1188 2077 'sed
1208 2026 1235 2076 in

162 2173 183 2194 M
197 2173 212 2194 a
233 2110 619 2195 1116οῃ(611611661611011111111111.
640 2109 708 2163 ldeo
728 2110 864 2176 scriptura
883 2124 943 2162 cum
963 2111 1066 2162 mortes
1086 2111 1235 2176 martyrum

300 2195 514 2261 commendaret,
540 2193 699 2260 Pretiosa,
729 2195 825 2260 inquit,
856 2195 887 2246 in
917 2197 1090 2260 conspectu
1114 2193 1266 2246 dominias

299 2294 384 2331 mors
404 2271 585 2332 sanctorum
604 2280 683 2331 eius:
704 2279 731 2330 in
749 2280 899 2345 conspectu
917 2280 985 2344 eiua,
1004 2279 1050 2344 qui
1069 2279 1147 2330 nouit
1165 2277 1234 2329 iudi-

298 2378 368 2428 care,
388 2364 416 2414 et
435 2364 521 2415 nescit
541 2378 639 2416 errare.
659 2361 845 2415 attendentes
865 2363 938 2414 enim
958 2361 1035 2413 stulti
1055 2363 1082 2413 et
1102 2360 1232 2413 infideles

298 2449 472 2513 praesentem
490 2447 651 2500 felicitatem
667 2448 805 2500 contemni
823 2463 838 2499 a
855 2447 1027 2513 sapientibus
1060 2447 1085 2497 et
1109 2443 1234 2507 fidelihus,

297 2533 414 2585 miseros
437 2534 611 2598 putauerunt,
632 2532 678 2598 qui
700 2548 750 2599 pro
773 2531 878 2585 Christi
900 2533 1011 2584 nomine
1032 2531 1231 2595 moriebantur3

294 2616 393 2668 oculos
410 2617 482 2669 enim
499 2616 568 2668 fidei
584 2631 642 2668 non
658 2615 806 2681 habebant,
824 2616 888 2668 ideo
905 2616 941 2668 ad
958 2631 990 2668 ea
1007 2630 1076 2682 quae
1090 2615 1229 2685 promissa
1239 2626 1264 2664 60

296 2703 374 2753 erant
395 2701 553 2767 prospicere
573 2716 628 2754 non
650 2700 789 2753 ualebant.
811 2700 893 2753 Venit
914 2700 1068 2766 promissor
1089 2701 1116 2751 et
1137 2699 1229 2751 dator:

295 2785 436 2836 monendo
452 2785 638 2850 confirmauit,
654 2785 749 2837 dando
766 2785 894 2854 spiritum
910 2784 1032 2851 perfecte
1049 2783 1166 2836 sanauit.
1183 2782 1230 2834 nit

294 2870 378 2921 enim:
399 2868 510 2922 Nolite
528 2870 639 2921 timere
658 2884 712 2921 eos
733 2869 785 2934 qui
804 2883 919 2934 corpus
938 2868 1100 2933 occidunt,
1120 2869 1150 2920 et
1168 2883 1229 2919 am-

293 2955 379 3020 plius
398 2954 483 3020 quod
499 2954 621 3007 faciant
637 2970 699 3007 non
716 2952 841 3006 habent.
859 2952 929 3004 Vide
946 2951 1047 3004 stultos
1064 2952 1228 3016 saeuientes,

293 3038 315 3088 si
328 3036 380 3090 hoc
392 3037 514 3103 audiant,
527 3053 588 3090 non
599 3037 718 3090 babent
730 3034 856 3104 amplius
866 3037 951 3103 quod
963 3036 1093 3089 16616111.
1114 3034 1228 3087 Faciunt
1236 3048 1259 3084 os

292 3122 364 3173 enim
380 3120 467 3173 multa
481 3122 516 3173 de
524 3121 717 3174 cadaueribus:
727 3121 840 3187 laniant,
855 3120 1013 3186 incendunt,
1028 3121 1171 3186 spargunt,
1187 3134 1228 3171 se-

292 3205 371 3272 peliri
389 3222 445 3259 non
463 3207 567 3271 sinunt3
585 3209 612 3258 et
629 3206 707 3273 quasi
723 3206 877 3273 gloriantes
895 3206 1001 3258 dicunt:
1024 3203 1080 3257 Ubi
1097 3206 1139 3256 est
1157 3200 1228 3270 quod

292 3289 422 3343 Christus
440 3290 518 3356 dixit,
536 3292 599 3357 quia
615 3306 676 3344 cum
693 3290 825 3344 occiderit
841 3289 926 3342 homo
942 3290 1090 3354 hominem,
1108 3289 1226 3355 amplius

291 3374 451 3439 quidlaciat
465 3373 631 3426 nonhabet?
646 3374 798 3427 Ε666161116
807 3374 860 3427 1661
875 3373 910 3426 de
918 3373 1106 3431 ca<da>uere
1115 3372 1224 3425 mortui.

292 3494 342 3545 128
