<?xml version="1.0" encoding="UTF-8"?>
<!DOCTYPE html PUBLIC "-//W3C//DTD XHTML 1.0 Transitional//EN"
    "http://www.w3.org/TR/xhtml1/DTD/xhtml1-transitional.dtd">
<html xmlns="http://www.w3.org/1999/xhtml" xml:lang="en" lang="en">
 <head>
  <title>
</title>
<meta http-equiv="Content-Type" content="text/html;charset=utf-8" />
  <meta name='ocr-system' content='tesseract 3.04.00' />
  <meta name='ocr-capabilities' content='ocr_page ocr_carea ocr_par ocr_line ocrx_word'/>
</head>
<body>
  <div class='ocr_page' id='page_1' title='image "MN41725ucmf_2_0046.png"; bbox 0 0 2819 4040; ppageno 0'>
   <div class='ocr_carea' id='block_1_1' title="bbox 640 252 881 302">
    <p class='ocr_par' dir='ltr' id='par_1_1' title="bbox 640 252 881 302">
     <span class='ocr_line' id='line_1_1' title="bbox 640 252 881 302; baseline 0.004 -11"><span class='ocrx_word' id='word_1_1' title='bbox 640 252 659 291; x_wconf 90' lang='lat' dir='ltr'>S.</span> <span class='ocrx_word' id='word_1_2' title='bbox 672 252 776 302; x_wconf 76' lang='lat' dir='ltr'><strong>Augustini</strong></span> <span class='ocrx_word' id='word_1_3' title='bbox 789 254 881 292; x_wconf 85' lang='lat' dir='ltr'>tractatus</span> 
     </span>
    </p>
   </div>
   <div class='ocr_carea' id='block_1_2' title="bbox 308 371 1244 777">
    <p class='ocr_par' dir='ltr' id='par_1_2' title="bbox 308 371 1244 777">
     <span class='ocr_line' id='line_1_2' title="bbox 371 371 1243 445; baseline 0.008 -19"><span class='ocrx_word' id='word_1_4' title='bbox 371 371 453 427; x_wconf 88' lang='lat' dir='ltr'>Noua</span> <span class='ocrx_word' id='word_1_5' title='bbox 464 373 531 428; x_wconf 91' lang='lat' dir='ltr'>baec</span> <span class='ocrx_word' id='word_1_6' title='bbox 541 387 574 428; x_wconf 80' lang='lat' dir='ltr'>{ac</span> <span class='ocrx_word' id='word_1_7' title='bbox 584 376 660 428; x_wconf 90' lang='lat' dir='ltr'>certo</span> <span class='ocrx_word' id='word_1_8' title='bbox 671 376 792 443; x_wconf 82' lang='lat' dir='ltr'>genuina</span> <span class='ocrx_word' id='word_1_9' title='bbox 803 375 903 444; x_wconf 88' lang='lat' dir='ltr'>oratio,</span> <span class='ocrx_word' id='word_1_10' title='bbox 915 376 951 430; x_wconf 89' lang='lat' dir='ltr'>de</span> <span class='ocrx_word' id='word_1_11' title='bbox 963 391 1016 445; x_wconf 90' lang='lat' dir='ltr'>qua</span> <span class='ocrx_word' id='word_1_12' title='bbox 1028 377 1056 429; x_wconf 91' lang='lat' dir='ltr'>in</span> <span class='ocrx_word' id='word_1_13' title='bbox 1067 376 1243 445; x_wconf 87' lang='lat' dir='ltr'>ephemeride</span> 
     </span>
     <span class='ocr_line' id='line_1_3' title="bbox 309 455 1242 529; baseline 0.009 -20"><span class='ocrx_word' id='word_1_14' title='bbox 309 455 441 524; x_wconf 85' lang='lat' dir='ltr'>,Bulletin</span> <span class='ocrx_word' id='word_1_15' title='bbox 458 457 622 511; x_wconf 81' lang='lat' dir='ltr'>d’ancienne</span> <span class='ocrx_word' id='word_1_16' title='bbox 639 458 793 513; x_wconf 74' lang='lat' dir='ltr'>litterature</span> <span class='ocrx_word' id='word_1_17' title='bbox 810 461 837 514; x_wconf 89' lang='lat' dir='ltr'>et</span> <span class='ocrx_word' id='word_1_18' title='bbox 853 459 1060 529; x_wconf 76' lang='lat' dir='ltr'>d’archeologie</span> <span class='ocrx_word' id='word_1_19' title='bbox 1075 459 1242 517; x_wconf 79' lang='lat' dir='ltr'>ehre‘tienne‘</span> 
     </span>
     <span class='ocr_line' id='line_1_4' title="bbox 312 539 1244 612; baseline 0.01 -18"><span class='ocrx_word' id='word_1_20' title='bbox 312 541 349 595; x_wconf 95' lang='lat' dir='ltr'>lV</span> <span class='ocrx_word' id='word_1_21' title='bbox 366 539 474 611; x_wconf 78' lang='lat'>(1914),</span> <span class='ocrx_word' id='word_1_22' title='bbox 491 558 518 609; x_wconf 87' lang='lat' dir='ltr'>p.</span> <span class='ocrx_word' id='word_1_23' title='bbox 536 542 570 596; x_wconf 88' lang='lat'>17</span> <span class='ocrx_word' id='word_1_24' title='bbox 586 559 646 611; x_wconf 89' lang='lat' dir='ltr'>sqq.</span> <span class='ocrx_word' id='word_1_25' title='bbox 663 543 746 597; x_wconf 87' lang='lat' dir='ltr'>latius</span> <span class='ocrx_word' id='word_1_26' title='bbox 762 547 963 600; x_wconf 90' lang='lat' dir='ltr'>commentatus</span> <span class='ocrx_word' id='word_1_27' title='bbox 979 560 1051 612; x_wconf 67' lang='lat' dir='ltr'>sum:</span> <span class='ocrx_word' id='word_1_28' title='bbox 1067 546 1109 600; x_wconf 92' lang='lat' dir='ltr'>cui</span> <span class='ocrx_word' id='word_1_29' title='bbox 1125 548 1244 603; x_wconf 81' lang='lat' dir='ltr'>maxime</span> 
     </span>
     <span class='ocr_line' id='line_1_5' title="bbox 309 625 1243 698; baseline 0.01 -21"><span class='ocrx_word' id='word_1_30' title='bbox 309 626 427 694; x_wconf 88' lang='lat' dir='ltr'>pretium</span> <span class='ocrx_word' id='word_1_31' title='bbox 448 625 528 679; x_wconf 82' lang='lat' dir='ltr'>addit</span> <span class='ocrx_word' id='word_1_32' title='bbox 548 629 636 681; x_wconf 86' lang='lat' dir='ltr'>sancti</span> <span class='ocrx_word' id='word_1_33' title='bbox 657 626 791 696; x_wconf 87' lang='lat' dir='ltr'>Cypriani</span> <span class='ocrx_word' id='word_1_34' title='bbox 812 630 1011 698; x_wconf 83' lang='lat' dir='ltr'>opusculorum</span> <span class='ocrx_word' id='word_1_35' title='bbox 1029 629 1112 684; x_wconf 88' lang='lat' dir='ltr'>index</span> <span class='ocrx_word' id='word_1_36' title='bbox 1132 629 1168 684; x_wconf 92' lang='lat' dir='ltr'>ab</span> <span class='ocrx_word' id='word_1_37' title='bbox 1186 629 1243 686; x_wconf 72' lang='lat' dir='ltr'>llu-</span> 
     </span>
     <span class='ocr_line' id='line_1_6' title="bbox 308 710 743 777; baseline 0.007 -15"><span class='ocrx_word' id='word_1_38' title='bbox 308 710 421 777; x_wconf 84' lang='lat' dir='ltr'>gustino</span> <span class='ocrx_word' id='word_1_39' title='bbox 438 711 509 764; x_wconf 90' lang='lat' dir='ltr'>circa</span> <span class='ocrx_word' id='word_1_40' title='bbox 525 710 614 765; x_wconf 81' lang='lat' dir='ltr'>tinem</span> <span class='ocrx_word' id='word_1_41' title='bbox 631 712 743 766; x_wconf 90' lang='lat' dir='ltr'>relatus.</span> 
     </span>
    </p>
   </div>
   <div class='ocr_carea' id='block_1_3' title="bbox 307 816 1245 1536">
    <p class='ocr_par' dir='ltr' id='par_1_3' title="bbox 307 816 1245 1536">
     <span class='ocr_line' id='line_1_7' title="bbox 339 816 1243 876; baseline 0.009 -9"><span class='ocrx_word' id='word_1_42' title='bbox 339 824 433 871; x_wconf 76' lang='lat' dir='ltr'>lxxru.</span> <span class='ocrx_word' id='word_1_43' title='bbox 448 825 463 869; x_wconf 83' lang='lat' dir='ltr'>r.</span> <span class='ocrx_word' id='word_1_44' title='bbox 479 816 538 869; x_wconf 80' lang='lat' dir='ltr'>rarv</span> <span class='ocrx_word' id='word_1_45' title='bbox 551 826 631 871; x_wconf 71' lang='lat' dir='ltr'>lucro</span> <span class='ocrx_word' id='word_1_46' title='bbox 644 860 650 871; x_wconf 87' lang='lat'>.</span> <span class='ocrx_word' id='word_1_47' title='bbox 664 827 744 873; x_wconf 77' lang='lat' dir='ltr'>rane</span> <span class='ocrx_word' id='word_1_48' title='bbox 758 861 762 870; x_wconf 96' lang='lat'>.</span> <span class='ocrx_word' id='word_1_49' title='bbox 777 828 817 871; x_wconf 81' lang='lat' dir='ltr'>oe</span> <span class='ocrx_word' id='word_1_50' title='bbox 831 829 931 873; x_wconf 73' lang='lat' dir='ltr'>uarat·</span> <span class='ocrx_word' id='word_1_51' title='bbox 944 863 949 872; x_wconf 94' lang='lat'>.</span> <span class='ocrx_word' id='word_1_52' title='bbox 962 830 1069 874; x_wconf 81' lang='lat' dir='ltr'>snucrr</span> <span class='ocrx_word' id='word_1_53' title='bbox 1083 829 1243 876; x_wconf 74' lang='lat' dir='ltr'>cuparum.</span> 
     </span>
     <span class='ocr_line' id='line_1_8' title="bbox 369 898 1245 956; baseline 0.007 -16"><span class='ocrx_word' id='word_1_54' title='bbox 369 898 387 940; x_wconf 96' lang='lat' dir='ltr'>ll</span> <span class='ocrx_word' id='word_1_55' title='bbox 402 932 407 942; x_wconf 91' lang='lat'>.</span> <span class='ocrx_word' id='word_1_56' title='bbox 420 898 592 944; x_wconf 75' lang='lat' dir='ltr'>sollemnitatem</span> <span class='ocrx_word' id='word_1_57' title='bbox 608 901 705 943; x_wconf 88' lang='lat' dir='ltr'>sanctam</span> <span class='ocrx_word' id='word_1_58' title='bbox 721 901 768 943; x_wconf 91' lang='lat' dir='ltr'>eius</span> <span class='ocrx_word' id='word_1_59' title='bbox 784 902 885 956; x_wconf 87' lang='lat' dir='ltr'>martyris</span> <span class='ocrx_word' id='word_1_60' title='bbox 900 902 966 945; x_wconf 84' lang='lat' dir='ltr'>hodie</span> <span class='ocrx_word' id='word_1_61' title='bbox 981 902 1134 948; x_wconf 87' lang='lat' dir='ltr'>celebramus.</span> <span class='ocrx_word' id='word_1_62' title='bbox 1149 936 1153 945; x_wconf 98' lang='lat'>.</span> <span class='ocrx_word' id='word_1_63' title='bbox 1168 936 1173 946; x_wconf 97' lang='lat'>.</span> <span class='ocrx_word' id='word_1_64' title='bbox 1186 902 1245 946; x_wconf 50' lang='lat' dir='ltr'>dicas</span> 
     </span>
     <span class='ocr_line' id='line_1_9' title="bbox 367 971 1243 1026; baseline 0.005 -11"><span class='ocrx_word' id='word_1_65' title='bbox 367 982 418 1015; x_wconf 89' lang='lat' dir='ltr'>mus</span> <span class='ocrx_word' id='word_1_66' title='bbox 435 982 514 1015; x_wconf 91' lang='lat' dir='ltr'>omnes</span> <span class='ocrx_word' id='word_1_67' title='bbox 528 1006 533 1018; x_wconf 88' lang='lat'>.</span> <span class='ocrx_word' id='word_1_68' title='bbox 548 971 597 1014; x_wconf 87' lang='lat' dir='ltr'>Deo</span> <span class='ocrx_word' id='word_1_69' title='bbox 614 973 696 1026; x_wconf 80' lang='lat' dir='ltr'>gratias</span> <span class='ocrx_word' id='word_1_70' title='bbox 710 1006 715 1016; x_wconf 98' lang='lat'>.</span> <span class='ocrx_word' id='word_1_71' title='bbox 730 972 839 1018; x_wconf 85' lang='lat' dir='ltr'>Conuersi</span> <span class='ocrx_word' id='word_1_72' title='bbox 855 973 884 1017; x_wconf 90' lang='lat' dir='ltr'>ad</span> <span class='ocrx_word' id='word_1_73' title='bbox 902 973 1023 1018; x_wconf 68' lang='lat' dir='ltr'>Dom&#39;mum*</span> <span class='ocrx_word' id='word_1_74' title='bbox 1035 1007 1040 1016; x_wconf 95' lang='lat'>.</span> <span class='ocrx_word' id='word_1_75' title='bbox 1054 987 1118 1019; x_wconf 86' lang='lat' dir='ltr'>amen</span> <span class='ocrx_word' id='word_1_76' title='bbox 1132 1008 1137 1019; x_wconf 95' lang='lat'>.</span> <span class='ocrx_word' id='word_1_77' title='bbox 1151 974 1224 1020; x_wconf 68' lang='lat' dir='ltr'>axau</span> <span class='ocrx_word' id='word_1_78' title='bbox 1238 1009 1243 1019; x_wconf 95' lang='lat'>.</span> 
     </span>
     <span class='ocr_line' id='line_1_10' title="bbox 368 1043 1031 1092; baseline 0.002 -4"><span class='ocrx_word' id='word_1_79' title='bbox 368 1043 450 1089; x_wconf 65' lang='lat' dir='ltr'>ullae</span> <span class='ocrx_word' id='word_1_80' title='bbox 464 1080 469 1090; x_wconf 90' lang='lat'>.</span> <span class='ocrx_word' id='word_1_81' title='bbox 484 1044 524 1087; x_wconf 86' lang='lat' dir='ltr'>DE</span> <span class='ocrx_word' id='word_1_82' title='bbox 538 1044 633 1086; x_wconf 78' lang='lat' dir='ltr'>NATAL</span> <span class='ocrx_word' id='word_1_83' title='bbox 651 1078 656 1088; x_wconf 86' lang='lat'>.</span> <span class='ocrx_word' id='word_1_84' title='bbox 670 1044 790 1088; x_wconf 80' lang='lat' dir='ltr'>SANCTO</span> <span class='ocrx_word' id='word_1_85' title='bbox 808 1045 960 1092; x_wconf 79' lang='lat' dir='ltr'>CYPRIANO</span> <span class='ocrx_word' id='word_1_86' title='bbox 973 1078 978 1089; x_wconf 88' lang='lat'>.</span> <span class='ocrx_word' id='word_1_87' title='bbox 992 1046 1011 1089; x_wconf 96' lang='lat' dir='ltr'>ll</span> <span class='ocrx_word' id='word_1_88' title='bbox 1025 1078 1031 1089; x_wconf 86' lang='lat'>.</span> 
     </span>
     <span class='ocr_line' id='line_1_11' title="bbox 370 1127 1243 1199; baseline 0.003 -18"><span class='ocrx_word' id='word_1_89' title='bbox 370 1127 495 1182; x_wconf 88' lang='lat' dir='ltr'>lneditus</span> <span class='ocrx_word' id='word_1_90' title='bbox 513 1130 616 1196; x_wconf 88' lang='lat' dir='ltr'>pariter</span> <span class='ocrx_word' id='word_1_91' title='bbox 633 1128 677 1182; x_wconf 91' lang='lat' dir='ltr'>hic</span> <span class='ocrx_word' id='word_1_92' title='bbox 695 1145 794 1196; x_wconf 89' lang='lat' dir='ltr'>sermo,</span> <span class='ocrx_word' id='word_1_93' title='bbox 813 1146 862 1183; x_wconf 92' lang='lat' dir='ltr'>nec</span> <span class='ocrx_word' id='word_1_94' title='bbox 878 1131 970 1184; x_wconf 91' lang='lat' dir='ltr'>minus</span> <span class='ocrx_word' id='word_1_95' title='bbox 988 1129 1169 1199; x_wconf 69' lang='lat' dir='ltr'>authenticus</span> <span class='ocrx_word' id='word_1_96' title='bbox 1187 1147 1243 1186; x_wconf 87' lang='lat' dir='ltr'>ser·</span> 
     </span>
     <span class='ocr_line' id='line_1_12' title="bbox 308 1212 1242 1281; baseline 0.004 -16"><span class='ocrx_word' id='word_1_97' title='bbox 308 1213 384 1265; x_wconf 88' lang='lat' dir='ltr'>moni</span> <span class='ocrx_word' id='word_1_98' title='bbox 409 1213 463 1267; x_wconf 78' lang='lat'>309</span> <span class='ocrx_word' id='word_1_99' title='bbox 486 1215 543 1267; x_wconf 88' lang='lat' dir='ltr'>tam</span> <span class='ocrx_word' id='word_1_100' title='bbox 567 1213 746 1267; x_wconf 88' lang='lat' dir='ltr'>conclusione</span> <span class='ocrx_word' id='word_1_101' title='bbox 770 1227 854 1281; x_wconf 89' lang='lat' dir='ltr'>quam</span> <span class='ocrx_word' id='word_1_102' title='bbox 876 1214 1005 1268; x_wconf 90' lang='lat' dir='ltr'>adductis</span> <span class='ocrx_word' id='word_1_103' title='bbox 1029 1229 1063 1267; x_wconf 91' lang='lat' dir='ltr'>ex</span> <span class='ocrx_word' id='word_1_104' title='bbox 1088 1212 1242 1270; x_wconf 83' lang='lat' dir='ltr'>Passione</span> 
     </span>
     <span class='ocr_line' id='line_1_13' title="bbox 309 1295 1243 1366; baseline 0.003 -17"><span class='ocrx_word' id='word_1_105' title='bbox 309 1295 444 1364; x_wconf 90' lang='lat' dir='ltr'>Cypriani</span> <span class='ocrx_word' id='word_1_106' title='bbox 458 1296 526 1350; x_wconf 89' lang='lat' dir='ltr'>locis</span> <span class='ocrx_word' id='word_1_107' title='bbox 538 1297 697 1364; x_wconf 76' lang='lat' dir='ltr'>persimilis,</span> <span class='ocrx_word' id='word_1_108' title='bbox 715 1296 762 1350; x_wconf 77' lang='lat' dir='ltr'>ad</span> <span class='ocrx_word' id='word_1_109' title='bbox 775 1297 957 1352; x_wconf 86' lang='lat' dir='ltr'>iestiuitatem</span> <span class='ocrx_word' id='word_1_110' title='bbox 969 1299 1097 1366; x_wconf 88' lang='lat' dir='ltr'>martyris</span> <span class='ocrx_word' id='word_1_111' title='bbox 1109 1300 1243 1366; x_wconf 88' lang='lat' dir='ltr'>,omniurn</span> 
     </span>
     <span class='ocr_line' id='line_1_14' title="bbox 307 1379 1243 1451; baseline 0.003 -18"><span class='ocrx_word' id='word_1_112' title='bbox 307 1379 427 1434; x_wconf 74' lang='lat' dir='ltr'>tratrum</span> <span class='ocrx_word' id='word_1_113' title='bbox 444 1396 626 1449; x_wconf 88' lang='lat' dir='ltr'>sororumque</span> <span class='ocrx_word' id='word_1_114' title='bbox 643 1380 803 1435; x_wconf 90' lang='lat' dir='ltr'>multitudo‘</span> <span class='ocrx_word' id='word_1_115' title='bbox 820 1384 996 1449; x_wconf 89' lang='lat' dir='ltr'>conuenerat,</span> <span class='ocrx_word' id='word_1_116' title='bbox 1013 1384 1167 1451; x_wconf 90' lang='lat' dir='ltr'>lectumque</span> <span class='ocrx_word' id='word_1_117' title='bbox 1183 1385 1243 1436; x_wconf 91' lang='lat' dir='ltr'>erat</span> 
     </span>
     <span class='ocr_line' id='line_1_15' title="bbox 308 1466 1046 1536; baseline 0.004 -17"><span class='ocrx_word' id='word_1_118' title='bbox 308 1466 485 1535; x_wconf 80' lang='lat' dir='ltr'>euangelium</span> <span class='ocrx_word' id='word_1_119' title='bbox 503 1466 561 1521; x_wconf 87' lang='lat' dir='ltr'>lob.</span> <span class='ocrx_word' id='word_1_120' title='bbox 581 1467 622 1534; x_wconf 88' lang='lat'>12,</span> <span class='ocrx_word' id='word_1_121' title='bbox 640 1467 683 1535; x_wconf 83' lang='lat'>25,</span> <span class='ocrx_word' id='word_1_122' title='bbox 700 1468 826 1522; x_wconf 85' lang='lat' dir='ltr'>cantatus</span> <span class='ocrx_word' id='word_1_123' title='bbox 843 1468 968 1536; x_wconf 88' lang='lat' dir='ltr'>psalmus</span> <span class='ocrx_word' id='word_1_124' title='bbox 986 1468 1046 1522; x_wconf 86' lang='lat'>125.</span> 
     </span>
    </p>
   </div>
   <div class='ocr_carea' id='block_1_4' title="bbox 338 1571 1243 1847">
    <p class='ocr_par' dir='ltr' id='par_1_4' title="bbox 338 1571 1243 1847">
     <span class='ocr_line' id='line_1_16' title="bbox 338 1571 1242 1632; baseline 0.002 -9"><span class='ocrx_word' id='word_1_125' title='bbox 338 1580 433 1627; x_wconf 81' lang='lat' dir='ltr'>L&#39;XXlV.</span> <span class='ocrx_word' id='word_1_126' title='bbox 445 1581 461 1625; x_wconf 89' lang='lat' dir='ltr'>i.</span> <span class='ocrx_word' id='word_1_127' title='bbox 475 1571 531 1625; x_wconf 73' lang='lat' dir='ltr'>136V</span> <span class='ocrx_word' id='word_1_128' title='bbox 546 1581 657 1625; x_wconf 84' lang='lat' dir='ltr'>lNClPlT</span> <span class='ocrx_word' id='word_1_129' title='bbox 668 1581 748 1629; x_wconf 74' lang='lat' dir='ltr'>:TllAC</span> <span class='ocrx_word' id='word_1_130' title='bbox 762 1616 767 1626; x_wconf 93' lang='lat'>.</span> <span class='ocrx_word' id='word_1_131' title='bbox 782 1579 822 1626; x_wconf 88' lang='grc' dir='ltr'>ΒΕ</span> <span class='ocrx_word' id='word_1_132' title='bbox 833 1583 934 1626; x_wconf 76' lang='lat' dir='ltr'>NATAL&#39;</span> <span class='ocrx_word' id='word_1_133' title='bbox 947 1616 951 1625; x_wconf 95' lang='lat'>.</span> <span class='ocrx_word' id='word_1_134' title='bbox 963 1582 1070 1628; x_wconf 75' lang='lat' dir='ltr'>SANCTI</span> <span class='ocrx_word' id='word_1_135' title='bbox 1083 1581 1222 1632; x_wconf 81' lang='lat' dir='ltr'>CYPRIANI</span> <span class='ocrx_word' id='word_1_136' title='bbox 1237 1615 1242 1625; x_wconf 97' lang='lat'>.</span> 
     </span>
     <span class='ocr_line' id='line_1_17' title="bbox 369 1654 1243 1711; baseline 0.001 -14"><span class='ocrx_word' id='word_1_137' title='bbox 369 1655 397 1697; x_wconf 95' lang='lat' dir='ltr'>lll</span> <span class='ocrx_word' id='word_1_138' title='bbox 412 1688 417 1701; x_wconf 89' lang='lat'>.</span> <span class='ocrx_word' id='word_1_139' title='bbox 435 1654 543 1699; x_wconf 89' lang='lat' dir='ltr'>Dominus</span> <span class='ocrx_word' id='word_1_140' title='bbox 560 1656 582 1700; x_wconf 87' lang='lat' dir='ltr'>et</span> <span class='ocrx_word' id='word_1_141' title='bbox 597 1654 694 1701; x_wconf 88' lang='lat' dir='ltr'>saluator</span> <span class='ocrx_word' id='word_1_142' title='bbox 709 1656 785 1698; x_wconf 90' lang='lat' dir='ltr'>noster</span> <span class='ocrx_word' id='word_1_143' title='bbox 800 1656 863 1698; x_wconf 85' lang='lat' dir='ltr'>lesus</span> <span class='ocrx_word' id='word_1_144' title='bbox 878 1654 978 1700; x_wconf 88' lang='lat' dir='ltr'>Christus</span> <span class='ocrx_word' id='word_1_145' title='bbox 992 1689 998 1699; x_wconf 93' lang='lat'>.</span> <span class='ocrx_word' id='word_1_146' title='bbox 1010 1656 1033 1699; x_wconf 84' lang='lat' dir='ltr'>ln</span> <span class='ocrx_word' id='word_1_147' title='bbox 1048 1667 1094 1711; x_wconf 77' lang='lat' dir='ltr'>quo</span> <span class='ocrx_word' id='word_1_148' title='bbox 1109 1668 1161 1711; x_wconf 86' lang='lat' dir='ltr'>spes</span> <span class='ocrx_word' id='word_1_149' title='bbox 1177 1655 1243 1700; x_wconf 90' lang='lat' dir='ltr'>nobis</span> 
     </span>
     <span class='ocr_line' id='line_1_18' title="bbox 368 1726 1242 1782; baseline 0.001 -13"><span class='ocrx_word' id='word_1_150' title='bbox 368 1726 403 1770; x_wconf 87' lang='lat' dir='ltr'>est</span> <span class='ocrx_word' id='word_1_151' title='bbox 411 1726 488 1772; x_wconf 86' lang='lat' dir='ltr'>salutis</span> <span class='ocrx_word' id='word_1_152' title='bbox 497 1728 600 1770; x_wconf 84' lang='lat' dir='ltr'>aeternae</span> <span class='ocrx_word' id='word_1_153' title='bbox 613 1763 618 1774; x_wconf 91' lang='lat'>.</span> <span class='ocrx_word' id='word_1_154' title='bbox 633 1761 638 1771; x_wconf 93' lang='lat'>.</span> <span class='ocrx_word' id='word_1_155' title='bbox 653 1759 657 1769; x_wconf 92' lang='lat'>.</span> <span class='ocrx_word' id='word_1_156' title='bbox 671 1729 750 1782; x_wconf 87' lang='lat' dir='ltr'>potens</span> <span class='ocrx_word' id='word_1_157' title='bbox 758 1728 795 1771; x_wconf 85' lang='lat' dir='ltr'>est</span> <span class='ocrx_word' id='word_1_158' title='bbox 802 1727 906 1771; x_wconf 89' lang='lat' dir='ltr'>dominus</span> <span class='ocrx_word' id='word_1_159' title='bbox 916 1727 946 1771; x_wconf 79' lang='lat' dir='ltr'>ab&#39;</span> <span class='ocrx_word' id='word_1_160' title='bbox 954 1726 1014 1771; x_wconf 89' lang='lat' dir='ltr'>omni</span> <span class='ocrx_word' id='word_1_161' title='bbox 1024 1726 1082 1772; x_wconf 89' lang='lat' dir='ltr'>malo</span> <span class='ocrx_word' id='word_1_162' title='bbox 1092 1740 1134 1771; x_wconf 88' lang='lat' dir='ltr'>nos</span> <span class='ocrx_word' id='word_1_163' title='bbox 1143 1727 1242 1774; x_wconf 83' lang='lat' dir='ltr'>liberare.</span> 
     </span>
     <span class='ocr_line' id='line_1_19' title="bbox 365 1799 622 1847; baseline 0 -4"><span class='ocrx_word' id='word_1_164' title='bbox 365 1812 431 1844; x_wconf 85' lang='lat' dir='ltr'>amen</span> <span class='ocrx_word' id='word_1_165' title='bbox 445 1834 450 1847; x_wconf 91' lang='lat'>.</span> <span class='ocrx_word' id='word_1_166' title='bbox 465 1799 539 1843; x_wconf 85' lang='grc' dir='ltr'>ΕΧΡΒ</span> <span class='ocrx_word' id='word_1_167' title='bbox 552 1834 557 1845; x_wconf 94' lang='grc'>,</span> <span class='ocrx_word' id='word_1_168' title='bbox 571 1801 622 1844; x_wconf 86' lang='lat' dir='ltr'>etc.</span> 
     </span>
    </p>
   </div>
   <div class='ocr_carea' id='block_1_5' title="bbox 306 1875 1241 2114">
    <p class='ocr_par' dir='ltr' id='par_1_5' title="bbox 306 1875 1241 2114">
     <span class='ocr_line' id='line_1_20' title="bbox 368 1875 1241 1945; baseline -0.001 -14"><span class='ocrx_word' id='word_1_169' title='bbox 368 1876 489 1931; x_wconf 81' lang='lat' dir='ltr'>Perinde</span> <span class='ocrx_word' id='word_1_170' title='bbox 504 1894 535 1931; x_wconf 90' lang='lat' dir='ltr'>ae</span> <span class='ocrx_word' id='word_1_171' title='bbox 549 1878 606 1931; x_wconf 96' lang='lat' dir='ltr'>duo</span> <span class='ocrx_word' id='word_1_172' title='bbox 622 1877 818 1945; x_wconf 75' lang='lat' dir='ltr'>praecedentes</span> <span class='ocrx_word' id='word_1_173' title='bbox 834 1880 861 1931; x_wconf 84' lang='lat' dir='ltr'>et</span> <span class='ocrx_word' id='word_1_174' title='bbox 876 1877 981 1930; x_wconf 88' lang='lat' dir='ltr'>inedita</span> <span class='ocrx_word' id='word_1_175' title='bbox 996 1879 1023 1930; x_wconf 95' lang='lat' dir='ltr'>et</span> <span class='ocrx_word' id='word_1_176' title='bbox 1036 1875 1241 1945; x_wconf 63' lang='lat' dir='ltr'>&#39;augustiniana</span> 
     </span>
     <span class='ocr_line' id='line_1_21' title="bbox 307 1960 1240 2029; baseline 0 -15"><span class='ocrx_word' id='word_1_177' title='bbox 307 1963 349 2015; x_wconf 91' lang='lat' dir='ltr'>est</span> <span class='ocrx_word' id='word_1_178' title='bbox 372 1961 440 2015; x_wconf 90' lang='lat' dir='ltr'>haec</span> <span class='ocrx_word' id='word_1_179' title='bbox 462 1963 561 2029; x_wconf 88' lang='lat' dir='ltr'>oratio,</span> <span class='ocrx_word' id='word_1_180' title='bbox 585 1962 636 2015; x_wconf 90' lang='lat' dir='ltr'>sed</span> <span class='ocrx_word' id='word_1_181' title='bbox 659 1963 778 2029; x_wconf 80' lang='lat' dir='ltr'>longior,</span> <span class='ocrx_word' id='word_1_182' title='bbox 802 1978 833 2015; x_wconf 89' lang='lat' dir='ltr'>ac</span> <span class='ocrx_word' id='word_1_183' title='bbox 855 1962 1001 2029; x_wconf 87' lang='lat' dir='ltr'>praecipue</span> <span class='ocrx_word' id='word_1_184' title='bbox 1024 1962 1052 2014; x_wconf 94' lang='lat' dir='ltr'>in</span> <span class='ocrx_word' id='word_1_185' title='bbox 1076 1960 1240 2015; x_wconf 85' lang='lat' dir='ltr'>Donatistas</span> 
     </span>
     <span class='ocr_line' id='line_1_22' title="bbox 306 2045 1241 2114; baseline 0 -15"><span class='ocrx_word' id='word_1_186' title='bbox 306 2046 419 2114; x_wconf 84' lang='lat' dir='ltr'>directa,</span> <span class='ocrx_word' id='word_1_187' title='bbox 440 2061 556 2114; x_wconf 87' lang='lat' dir='ltr'>quorum</span> <span class='ocrx_word' id='word_1_188' title='bbox 574 2047 680 2100; x_wconf 86' lang='lat' dir='ltr'>clamor</span> <span class='ocrx_word' id='word_1_189' title='bbox 700 2045 767 2100; x_wconf 91' lang='lat' dir='ltr'>Deo</span> <span class='ocrx_word' id='word_1_190' title='bbox 786 2047 899 2100; x_wconf 89' lang='lat' dir='ltr'>laudes</span> <span class='ocrx_word' id='word_1_191' title='bbox 918 2047 1094 2113; x_wconf 89' lang='lat' dir='ltr'>responsioni</span> <span class='ocrx_word' id='word_1_192' title='bbox 1112 2047 1241 2114; x_wconf 89' lang='lat' dir='ltr'>martyris</span> 
     </span>
    </p>
   </div>
   <div class='ocr_carea' id='block_1_6' title="bbox 304 2127 1241 2706">
    <p class='ocr_par' dir='ltr' id='par_1_6' title="bbox 304 2127 1241 2706">
     <span class='ocr_line' id='line_1_23' title="bbox 304 2127 1240 2199; baseline 0 -16"><span class='ocrx_word' id='word_1_193' title='bbox 304 2127 441 2198; x_wconf 66' lang='lat' dir='ltr'>[Cypriani</span> <span class='ocrx_word' id='word_1_194' title='bbox 454 2129 522 2184; x_wconf 92' lang='lat' dir='ltr'>Deo</span> <span class='ocrx_word' id='word_1_195' title='bbox 533 2132 656 2199; x_wconf 74' lang='lat' dir='ltr'>&#39;gratias</span> <span class='ocrx_word' id='word_1_196' title='bbox 669 2131 826 2198; x_wconf 81' lang='lat' dir='ltr'>oppositus,</span> <span class='ocrx_word' id='word_1_197' title='bbox 838 2130 967 2184; x_wconf 90' lang='lat' dir='ltr'>omnibus</span> <span class='ocrx_word' id='word_1_198' title='bbox 973 2129 1140 2183; x_wconf 88' lang='lat' dir='ltr'>Christianis</span> <span class='ocrx_word' id='word_1_199' title='bbox 1148 2129 1240 2183; x_wconf 88' lang='lat' dir='ltr'>catho-</span> 
     </span>
     <span class='ocr_line' id='line_1_24' title="bbox 307 2213 1241 2283; baseline -0.001 -15"><span class='ocrx_word' id='word_1_200' title='bbox 307 2215 367 2268; x_wconf 88' lang='lat' dir='ltr'>licis</span> <span class='ocrx_word' id='word_1_201' title='bbox 395 2217 528 2269; x_wconf 86' lang='lat' dir='ltr'>terrorem</span> <span class='ocrx_word' id='word_1_202' title='bbox 557 2215 716 2268; x_wconf 86' lang='lat' dir='ltr'>incutiebat.</span> <span class='ocrx_word' id='word_1_203' title='bbox 752 2214 815 2268; x_wconf 88' lang='lat' dir='ltr'>Hos</span> <span class='ocrx_word' id='word_1_204' title='bbox 842 2213 1017 2283; x_wconf 59' lang='lat' dir='ltr'>‘Augustinus</span> <span class='ocrx_word' id='word_1_205' title='bbox 1045 2213 1179 2281; x_wconf 83' lang='lat' dir='ltr'>hortatur,</span> <span class='ocrx_word' id='word_1_206' title='bbox 1206 2227 1241 2269; x_wconf 87' lang='lat' dir='ltr'>ue</span> 
     </span>
     <span class='ocr_line' id='line_1_25' title="bbox 306 2299 1240 2367; baseline -0.001 -15"><span class='ocrx_word' id='word_1_207' title='bbox 306 2301 422 2353; x_wconf 90' lang='lat' dir='ltr'>timeant</span> <span class='ocrx_word' id='word_1_208' title='bbox 444 2299 644 2353; x_wconf 88' lang='lat' dir='ltr'>haereticorum</span> <span class='ocrx_word' id='word_1_209' title='bbox 667 2300 855 2367; x_wconf 69' lang='lat' dir='ltr'>collectiones</span> <span class='ocrx_word' id='word_1_210' title='bbox 885 2315 920 2352; x_wconf 91' lang='lat' dir='ltr'>ne</span> <span class='ocrx_word' id='word_1_211' title='bbox 942 2301 1057 2353; x_wconf 90' lang='lat' dir='ltr'>timeant</span> <span class='ocrx_word' id='word_1_212' title='bbox 1079 2299 1240 2367; x_wconf 89' lang='lat' dir='ltr'>praecipita-</span> 
     </span>
     <span class='ocr_line' id='line_1_26' title="bbox 305 2384 1240 2452; baseline -0.002 -15"><span class='ocrx_word' id='word_1_213' title='bbox 305 2387 397 2438; x_wconf 90' lang='lat' dir='ltr'>torum</span> <span class='ocrx_word' id='word_1_214' title='bbox 416 2385 660 2452; x_wconf 82' lang='lat' dir='ltr'>congregationes:</span> <span class='ocrx_word' id='word_1_215' title='bbox 680 2384 815 2438; x_wconf 88' lang='lat' dir='ltr'>aduersus</span> <span class='ocrx_word' id='word_1_216' title='bbox 835 2399 904 2452; x_wconf 91' lang='lat' dir='ltr'>quos</span> <span class='ocrx_word' id='word_1_217' title='bbox 924 2385 984 2452; x_wconf 92' lang='lat' dir='ltr'>ipse</span> <span class='ocrx_word' id='word_1_218' title='bbox 1001 2385 1159 2437; x_wconf 86' lang='lat' dir='ltr'>constanter</span> <span class='ocrx_word' id='word_1_219' title='bbox 1177 2397 1240 2450; x_wconf 92' lang='lat' dir='ltr'>pro·</span> 
     </span>
     <span class='ocr_line' id='line_1_27' title="bbox 306 2469 1239 2536; baseline -0.003 -14"><span class='ocrx_word' id='word_1_220' title='bbox 306 2472 424 2523; x_wconf 88' lang='lat' dir='ltr'>testatur</span> <span class='ocrx_word' id='word_1_221' title='bbox 443 2485 509 2536; x_wconf 89' lang='lat' dir='ltr'>,non</span> <span class='ocrx_word' id='word_1_222' title='bbox 530 2485 591 2522; x_wconf 89' lang='lat' dir='ltr'>esse</span> <span class='ocrx_word' id='word_1_223' title='bbox 611 2469 765 2522; x_wconf 90' lang='lat' dir='ltr'>haereticos</span> <span class='ocrx_word' id='word_1_224' title='bbox 785 2471 928 2536; x_wconf 78' lang='lat' dir='ltr'>martyreS,</span> <span class='ocrx_word' id='word_1_225' title='bbox 949 2484 1005 2521; x_wconf 91' lang='lat' dir='ltr'>non</span> <span class='ocrx_word' id='word_1_226' title='bbox 1026 2483 1086 2521; x_wconf 87' lang='lat' dir='ltr'>esse</span> <span class='ocrx_word' id='word_1_227' title='bbox 1106 2469 1239 2534; x_wconf 87' lang='lat' dir='ltr'>martyres</span> 
     </span>
     <span class='ocr_line' id='line_1_28' title="bbox 305 2553 1239 2621; baseline -0.002 -14"><span class='ocrx_word' id='word_1_228' title='bbox 305 2554 558 2621; x_wconf 89' lang='lat' dir='ltr'>circumcelliones‘‚</span> <span class='ocrx_word' id='word_1_229' title='bbox 589 2555 625 2607; x_wconf 93' lang='lat' dir='ltr'>ad</span> <span class='ocrx_word' id='word_1_230' title='bbox 654 2570 764 2607; x_wconf 92' lang='lat' dir='ltr'>omnem</span> <span class='ocrx_word' id='word_1_231' title='bbox 793 2555 922 2607; x_wconf 88' lang='lat' dir='ltr'>euentum</span> <span class='ocrx_word' id='word_1_232' title='bbox 952 2556 1122 2619; x_wconf 89' lang='lat' dir='ltr'>mortemque</span> <span class='ocrx_word' id='word_1_233' title='bbox 1150 2553 1239 2619; x_wconf 89' lang='lat' dir='ltr'>ipsam</span> 
     </span>
     <span class='ocr_line' id='line_1_29' title="bbox 306 2637 1239 2706; baseline -0.003 -15"><span class='ocrx_word' id='word_1_234' title='bbox 306 2639 507 2706; x_wconf 87' lang='lat' dir='ltr'>paratissimus,</span> <span class='ocrx_word' id='word_1_235' title='bbox 524 2639 591 2692; x_wconf 90' lang='lat' dir='ltr'>dum</span> <span class='ocrx_word' id='word_1_236' title='bbox 607 2638 675 2692; x_wconf 89' lang='lat' dir='ltr'>boni</span> <span class='ocrx_word' id='word_1_237' title='bbox 692 2638 816 2706; x_wconf 90' lang='lat' dir='ltr'>episcopi</span> <span class='ocrx_word' id='word_1_238' title='bbox 834 2637 963 2690; x_wconf 80' lang='lat' dir='ltr'>officium</span> <span class='ocrx_word' id='word_1_239' title='bbox 980 2652 1014 2691; x_wconf 93' lang='lat' dir='ltr'>ne</span> <span class='ocrx_word' id='word_1_240' title='bbox 1031 2637 1239 2704; x_wconf 86' lang='lat' dir='ltr'>praetermittat.</span> 
     </span>
    </p>
   </div>
   <div class='ocr_carea' id='block_1_7' title="bbox 334 2754 1238 2960">
    <p class='ocr_par' dir='ltr' id='par_1_7' title="bbox 334 2754 1238 2960">
     <span class='ocr_line' id='line_1_30' title="bbox 334 2754 1236 2803; baseline -0.001 -4"><span class='ocrx_word' id='word_1_241' title='bbox 334 2757 417 2802; x_wconf 75' lang='lat' dir='ltr'>txxv.</span> <span class='ocrx_word' id='word_1_242' title='bbox 437 2757 452 2801; x_wconf 90' lang='lat' dir='ltr'>l.</span> <span class='ocrx_word' id='word_1_243' title='bbox 472 2759 513 2800; x_wconf 79' lang='lat'>140</span> <span class='ocrx_word' id='word_1_244' title='bbox 532 2758 642 2800; x_wconf 85' lang='lat' dir='ltr'>lNClPlT</span> <span class='ocrx_word' id='word_1_245' title='bbox 659 2758 759 2803; x_wconf 79' lang='lat' dir='ltr'>TRAC.</span> <span class='ocrx_word' id='word_1_246' title='bbox 779 2758 819 2801; x_wconf 83' lang='grc' dir='ltr'>ΒΕ</span> <span class='ocrx_word' id='word_1_247' title='bbox 836 2756 954 2800; x_wconf 76' lang='grc' dir='ltr'>ΝΑΤΑΒ.</span> <span class='ocrx_word' id='word_1_248' title='bbox 971 2756 1078 2800; x_wconf 77' lang='lat' dir='ltr'>SANCTl</span> <span class='ocrx_word' id='word_1_249' title='bbox 1097 2754 1236 2802; x_wconf 78' lang='lat' dir='ltr'><strong>CYPRIANI</strong></span> 
     </span>
     <span class='ocr_line' id='line_1_31' title="bbox 365 2827 1238 2884; baseline -0.002 -13"><span class='ocrx_word' id='word_1_250' title='bbox 365 2862 371 2872; x_wconf 95' lang='lat'>.</span> <span class='ocrx_word' id='word_1_251' title='bbox 389 2830 447 2873; x_wconf 87' lang='lat' dir='ltr'>llll.</span> <span class='ocrx_word' id='word_1_252' title='bbox 464 2828 542 2873; x_wconf 83' lang='lat' dir='ltr'>Sancta</span> <span class='ocrx_word' id='word_1_253' title='bbox 558 2829 694 2873; x_wconf 88' lang='lat' dir='ltr'>sollemnitas</span> <span class='ocrx_word' id='word_1_254' title='bbox 711 2830 832 2874; x_wconf 84' lang='lat' dir='ltr'>beatissimi</span> <span class='ocrx_word' id='word_1_255' title='bbox 850 2831 968 2883; x_wconf 86' lang='lat' dir='ltr'>martyris.</span> <span class='ocrx_word' id='word_1_256' title='bbox 986 2840 1042 2884; x_wconf 85' lang='lat' dir='ltr'>quae</span> <span class='ocrx_word' id='word_1_257' title='bbox 1058 2841 1100 2872; x_wconf 89' lang='lat' dir='ltr'>nos</span> <span class='ocrx_word' id='word_1_258' title='bbox 1117 2829 1139 2872; x_wconf 90' lang='lat' dir='ltr'>in</span> <span class='ocrx_word' id='word_1_259' title='bbox 1155 2827 1238 2870; x_wconf 85' lang='lat' dir='ltr'>domini</span> 
     </span>
     <span class='ocr_line' id='line_1_32' title="bbox 364 2901 1090 2960; baseline 0 -16"><span class='ocrx_word' id='word_1_260' title='bbox 364 2902 509 2958; x_wconf 73' lang='lat' dir='ltr'>congregauit</span> <span class='ocrx_word' id='word_1_261' title='bbox 521 2935 527 2944; x_wconf 92' lang='lat'>.</span> <span class='ocrx_word' id='word_1_262' title='bbox 541 2935 545 2945; x_wconf 96' lang='lat'>.</span> <span class='ocrx_word' id='word_1_263' title='bbox 560 2933 565 2944; x_wconf 82' lang='lat'>.</span> <span class='ocrx_word' id='word_1_264' title='bbox 580 2914 639 2945; x_wconf 89' lang='lat' dir='ltr'>aram</span> <span class='ocrx_word' id='word_1_265' title='bbox 655 2902 747 2946; x_wconf 85' lang='lat' dir='ltr'>lecimus</span> <span class='ocrx_word' id='word_1_266' title='bbox 762 2902 914 2960; x_wconf 87' lang='lat' dir='ltr'>Cyprianum.</span> <span class='ocrx_word' id='word_1_267' title='bbox 931 2901 1022 2946; x_wconf 71' lang='lat' dir='ltr'>EXPL&#39;.</span> <span class='ocrx_word' id='word_1_268' title='bbox 1037 2903 1090 2945; x_wconf 86' lang='lat' dir='ltr'>eto.</span> 
     </span>
    </p>
   </div>
   <div class='ocr_carea' id='block_1_8' title="bbox 301 2984 1238 3392">
    <p class='ocr_par' dir='ltr' id='par_1_8' title="bbox 301 2984 1238 3392">
     <span class='ocr_line' id='line_1_33' title="bbox 365 2984 1237 3053; baseline -0.002 -14"><span class='ocrx_word' id='word_1_269' title='bbox 365 2985 439 3039; x_wconf 90' lang='lat' dir='ltr'>lnter</span> <span class='ocrx_word' id='word_1_270' title='bbox 467 3001 608 3039; x_wconf 89' lang='lat' dir='ltr'>sermones</span> <span class='ocrx_word' id='word_1_271' title='bbox 637 3003 652 3040; x_wconf 95' lang='lat' dir='ltr'>a</span> <span class='ocrx_word' id='word_1_272' title='bbox 679 2986 817 3040; x_wconf 87' lang='lat' dir='ltr'>Michaele</span> <span class='ocrx_word' id='word_1_273' title='bbox 846 2985 933 3039; x_wconf 90' lang='lat' dir='ltr'>Denis</span> <span class='ocrx_word' id='word_1_274' title='bbox 960 2987 1079 3053; x_wconf 88' lang='lat' dir='ltr'>primum</span> <span class='ocrx_word' id='word_1_275' title='bbox 1105 2984 1237 3053; x_wconf 84' lang='lat' dir='ltr'>uulgatos</span> 
     </span>
     <span class='ocr_line' id='line_1_34' title="bbox 303 3069 1238 3139; baseline -0.004 -14"><span class='ocrx_word' id='word_1_276' title='bbox 303 3072 402 3126; x_wconf 88' lang='lat' dir='ltr'>ordine</span> <span class='ocrx_word' id='word_1_277' title='bbox 417 3071 510 3133; x_wconf 79' lang='lat' dir='ltr'>XlV¹¹⁵‚</span> <span class='ocrx_word' id='word_1_278' title='bbox 538 3071 636 3139; x_wconf 81' lang='lat' dir='ltr'>Nligne</span> <span class='ocrx_word' id='word_1_279' title='bbox 649 3072 693 3139; x_wconf 79' lang='lat' dir='ltr'>lo,</span> <span class='ocrx_word' id='word_1_280' title='bbox 707 3071 861 3125; x_wconf 78' lang='lat'>862-866:</span> <span class='ocrx_word' id='word_1_281' title='bbox 876 3073 957 3139; x_wconf 89' lang='lat' dir='ltr'>atque</span> <span class='ocrx_word' id='word_1_282' title='bbox 972 3071 1044 3124; x_wconf 89' lang='lat' dir='ltr'>adeo</span> <span class='ocrx_word' id='word_1_283' title='bbox 1057 3085 1091 3123; x_wconf 89' lang='lat' dir='ltr'>ex</span> <span class='ocrx_word' id='word_1_284' title='bbox 1104 3069 1147 3123; x_wconf 89' lang='lat' dir='ltr'>his</span> <span class='ocrx_word' id='word_1_285' title='bbox 1161 3070 1238 3138; x_wconf 89' lang='lat' dir='ltr'>quat-</span> 
     </span>
     <span class='ocr_line' id='line_1_35' title="bbox 301 3152 1236 3223; baseline -0.005 -13"><span class='ocrx_word' id='word_1_286' title='bbox 301 3159 366 3210; x_wconf 89' lang='lat' dir='ltr'>tuor</span> <span class='ocrx_word' id='word_1_287' title='bbox 378 3158 406 3209; x_wconf 93' lang='lat' dir='ltr'>in</span> <span class='ocrx_word' id='word_1_288' title='bbox 419 3156 511 3209; x_wconf 89' lang='lat' dir='ltr'>natale</span> <span class='ocrx_word' id='word_1_289' title='bbox 525 3155 659 3223; x_wconf 90' lang='lat' dir='ltr'>Cypriani</span> <span class='ocrx_word' id='word_1_290' title='bbox 672 3156 854 3223; x_wconf 65' lang='lat' dir='ltr'>orationihus</span> <span class='ocrx_word' id='word_1_291' title='bbox 868 3158 936 3223; x_wconf 91' lang='lat' dir='ltr'>quot</span> <span class='ocrx_word' id='word_1_292' title='bbox 947 3155 1078 3208; x_wconf 85' lang='lat' dir='ltr'>uidelicet</span> <span class='ocrx_word' id='word_1_293' title='bbox 1090 3152 1236 3207; x_wconf 86' lang='lat' dir='ltr'>Possidius</span> 
     </span>
     <span class='ocr_line' id='line_1_36' title="bbox 303 3236 1236 3308; baseline -0.003 -15"><span class='ocrx_word' id='word_1_294' title='bbox 303 3242 331 3293; x_wconf 93' lang='lat' dir='ltr'>in</span> <span class='ocrx_word' id='word_1_295' title='bbox 346 3239 487 3308; x_wconf 84' lang='lat' dir='ltr'>Catalogo</span> <span class='ocrx_word' id='word_1_296' title='bbox 501 3241 617 3307; x_wconf 83' lang='lat' dir='ltr'>notauit,</span> <span class='ocrx_word' id='word_1_297' title='bbox 632 3240 708 3293; x_wconf 92' lang='lat' dir='ltr'>nulla</span> <span class='ocrx_word' id='word_1_298' title='bbox 721 3240 818 3308; x_wconf 89' lang='lat' dir='ltr'>priscis</span> <span class='ocrx_word' id='word_1_299' title='bbox 832 3239 996 3306; x_wconf 67' lang='lat' dir='ltr'>editoribus</span> <span class='ocrx_word' id='word_1_300' title='bbox 1011 3237 1086 3292; x_wconf 92' lang='lat' dir='ltr'>nulla</span> <span class='ocrx_word' id='word_1_301' title='bbox 1099 3236 1236 3291; x_wconf 83' lang='lat' dir='ltr'>Maurinis</span> 
     </span>
     <span class='ocr_line' id='line_1_37' title="bbox 303 3324 546 3392; baseline 0.004 -15"><span class='ocrx_word' id='word_1_302' title='bbox 303 3326 372 3392; x_wconf 89' lang='lat' dir='ltr'>ipsis</span> <span class='ocrx_word' id='word_1_303' title='bbox 387 3324 546 3378; x_wconf 91' lang='lat' dir='ltr'>innotuerit.</span> 
     </span>
    </p>
   </div>
   <div class='ocr_carea' id='block_1_9' title="bbox 302 3443 385 3497">
    <p class='ocr_par' dir='ltr' id='par_1_9' title="bbox 302 3443 385 3497">
     <span class='ocr_line' id='line_1_38' title="bbox 302 3443 385 3497; baseline 0.024 -2"><span class='ocrx_word' id='word_1_304' title='bbox 302 3443 385 3497; x_wconf 83' lang='lat' dir='ltr'>XXIV</span> 
     </span>
    </p>
   </div>
   <div class='ocr_carea' id='block_1_10' title="bbox 0 0 1414 4040">
    <p class='ocr_par' dir='ltr' id='par_1_10' title="bbox 0 0 1414 4040">
     <span class='ocr_line' id='line_1_39' title="bbox 0 0 1414 4040; baseline 0 2"><span class='ocrx_word' id='word_1_305' title='bbox 0 0 1414 4040; x_wconf 95' lang='lat' dir='ltr'> </span> 
     </span>
    </p>
   </div>
  </div>
 </body>
</html>
