2819 4040
608 298 631 337 S,
641 299 746 347 Augustini
760 300 852 337 tractatus

280 421 425 489 fugientia,
439 424 469 474 ut
482 422 671 488 permanentia
684 426 890 489 comparentur:
905 421 1050 475 moriendo
1063 422 1166 487 uiuere,
1180 437 1214 474 nc

279 506 433 559 moriantur
445 506 580 559 uiuendo:
593 509 621 560 et
634 522 743 574 semper
756 508 851 561 uiuere
866 506 950 561 semel
964 506 1118 573 moriendo,
1133 521 1214 572 quam

278 589 322 643 bis
337 592 407 643 mori
422 592 449 644 et
463 593 561 658 postea
575 592 669 644 uiuere
685 607 740 645 non
755 607 868 660 merere,
883 594 999 646 mortem
1014 606 1084 658 quae
1097 592 1214 643 uentura

279 677 321 727 est
332 673 505 742 differendo
517 678 551 742 et,
562 691 623 729 cum
635 676 723 728 dilata
733 678 849 744 uenerit,
862 678 898 730 ad
908 678 993 730 uitam
1004 690 1074 743 quae
1085 690 1214 729 mansura
1221 690 1246 728 20

279 760 321 811 est
333 759 445 812 minime
456 759 603 814 ueniendo
624 759 686 813 l·loc
699 763 749 826 est,
762 761 883 828 inquam,
896 763 1052 815 sanctorum
1064 762 1214 827 martyrum

278 857 423 896 commune
451 844 606 911 consilium,
635 859 781 897 commune
808 847 1012 909 commercium
1040 845 1092 897 hoc
1119 862 1135 898 a
1163 859 1215 897 suo

279 930 458 995 praeceptore
475 931 502 981 et
518 929 674 982 redemtore
692 946 722 982 ac
738 930 855 984 domino
872 930 953 984 simul
970 918 1135 995 didicerunt,
1151 931 1215 996 quia

279 1013 409 1066 omnibus
429 1013 511 1066 dixit:
530 1012 594 1080 Qui
615 1017 699 1067 amat
719 1015 853 1068 animam
875 1030 961 1068 suam
981 1013 1094 1082 perdet
1114 1014 1214 1080 illam,

279 1099 309 1149 et
329 1098 381 1165 qui
400 1099 581 1165 perdiderit
599 1115 666 1152 eam
686 1102 818 1167 propter
837 1116 895 1167 me,
915 1100 1058 1153 inueniet
1077 1098 1165 1151 illam
1184 1099 1246 1150 in25

278 1183 346 1235 uita
369 1185 507 1237 aeterna.
536 1182 658 1238 Proinde
681 1185 772 1237 anima
795 1200 856 1238 cum
880 1174 986 1239 amatur
1008 1185 1088 1251 perit,
1110 1185 1215 1236 inueni-

278 1269 377 1334 turque
391 1283 453 1321 cum
468 1269 603 1336 perditur:
619 1272 714 1337 pereat
729 1271 753 1323 si
769 1272 850 1336 amat,
867 1286 901 1323 ne
915 1272 1010 1337 pereat
1023 1284 1083 1322 curn
1098 1270 1214 1322 amatur.

277 1350 399 1406 vDuobus
417 1354 490 1406 enim
508 1355 600 1407 modis
619 1354 744 1421 intellegi
761 1356 855 1421 potest
874 1355 949 1422 quod
967 1356 1070 1407 dictum
1088 1355 1138 1420 est,
1156 1351 1213 1417 Qui

279 1441 353 1491 amat
367 1441 487 1492 animam
499 1456 577 1493 suam
590 1440 688 1507 perdet
702 1440 789 1493 illam:
803 1438 861 1506 Qui
875 1442 949 1493 amat
962 1441 1081 1492 animam
1095 1439 1214 1492 suumin

279 1524 334 1576 isto
355 1524 475 1591 saecul0,
495 1525 593 1592 perdet
613 1525 689 1577 illam
710 1526 737 1577 in
759 1524 856 1577 futuro
876 1524 998 1588 saecul03
1019 1526 1053 1590 et,
1075 1524 1120 1591 qui
1141 1525 1246 1576 amatao

279 1609 399 1660 animam
413 1609 530 1661 suamin
543 1609 640 1662 futuro
653 1608 773 1674 saeculo,
787 1608 884 1675 perdet
897 1608 973 1660 illam
986 1609 1013 1659 in
1026 1609 1082 1660 isto
1094 1607 1213 1661 saeculo

279 1690 436 1745 Secundum
450 1695 570 1760 priorem
582 1693 704 1758 modurn,
719 1694 765 1759 qui
779 1695 853 1745 amat
867 1694 985 1744 animam
999 1707 1077 1744 suam
1089 1692 1214 1744 timendo

280 1778 350 1829 mori
369 1793 420 1844 pro
438 1776 561 1844 Christo,
579 1778 677 1845 perdet
694 1776 771 1830 illam
789 1793 823 1829 ne
840 1778 917 1830 uiuat
934 1778 962 1829 in
980 1775 1106 1841 Christ0;
1124 1777 1215 1844 etqui

280 1864 354 1915 amat
374 1863 493 1915 animam
512 1878 589 1915 suam
609 1864 639 1915 ut
657 1863 735 1914 uiuat
754 1864 782 1914 in
802 1861 926 1928 Christe,
946 1861 1043 1928 perdet
1062 1862 1138 1914 illam
1158 1878 1215 1915 mo-

279 1946 378 1999 riendo
397 1963 449 2013 pro
467 1945 590 2001 Christo,
615 1946 745 2014 Sequitur
763 1949 844 2014 enim,
865 1947 901 2000 Et
919 1948 965 2014 qui
984 1946 1137 2014 perdiderit
1154 1961 1246 1999 eamus

279 2033 394 2098 propter
406 2047 456 2098 me,
469 2032 565 2084 inuita
578 2033 689 2084 aeterna
702 2032 824 2084 inueniet
835 2047 904 2084 eam.
918 2030 972 2083 Hic
983 2033 1074 2083 autem
1087 2031 1132 2097 qui
1144 2030 1215 2084 dixit

279 2117 403 2183 ,propter
419 2115 481 2182 me‘,
497 2116 546 2168 hic
562 2119 611 2169 est
626 2131 721 2169 uerus
738 2117 827 2181 deus,
844 2118 875 2168 et
889 2117 957 2168 uita
973 2117 1110 2168 aeterna.

340 2201 364 2254 2.
381 2199 454 2253 Cum
468 2215 536 2266 ergo
550 2201 602 2254 hoc
618 2202 654 2253 sit
669 2201 791 2254 omnium
807 2203 964 2253 sanctorum
980 2199 1117 2267 officium,
1133 2199 1216 2253 habet

127 2308 214 2346 cyprius
220 2306 273 2337 aun
281 2286 333 2337 iste
346 2287 450 2351 martyr
462 2287 557 2338 noster
570 2285 662 2351 hodie,
676 2301 732 2338 non
746 2284 836 2338 solum
849 2285 884 2336 de
897 2300 927 2336 se
940 2286 1010 2352 ipso,
1024 2299 1120 2337 uerum
1133 2285 1216 2338 etiam

126 2356 316 2441 desshgssffggssfflde
328 2369 454 2435 pluribus
465 2370 626 2436 praemium.
645 2368 750 2422 Christi
762 2384 880 2436 namque
891 2369 995 2422 bonum
1006 2369 1121 2422 odorem
1133 2369 1248 2436 longeio

127 2452 391 2534 mor{sslssiffjot'‘mlateque
410 2452 531 2506 diffudit
549 2453 686 2518 docend0,
706 2453 836 2518 uiuendo,
857 2454 1014 2506 moriendo:
1034 2452 1162 2505 docendo
1181 2453 1216 2505 de

281 2536 406 2604 Christo,
426 2534 549 2591 uiuendo
568 2538 595 2590 in
616 2536 739 2603 Christe,
760 2537 905 2590 moriendo
926 2553 977 2604 pro
997 2535 1120 2590 Christo.
1139 2536 1216 2603 ‚Qua-

188 2637 221 2675 ror.
238 2639 271 2676 134
281 2624 404 2689 propter,
419 2623 562 2689 carissimi,
576 2638 637 2675 cum
653 2623 695 2675 hic
711 2623 781 2675 alius
797 2637 878 2689 quam
894 2621 1023 2675 Christus
1038 2639 1094 2675 uon
1108 2617 1216 2691 possiti!

280 2707 415 2775 intellegi,
431 2707 478 2760 ubi
494 2724 599 2775 sponsa
615 2708 730 2789 ecclesia
746 2708 821 2774 dicit,
841 2706 957 2760 Botrus
973 2708 1061 2775 cypri
1077 2707 1216 2761 fratrue-

280 2793 321 2845 lis
339 2807 438 2858 meuS,
456 2809 505 2859 per
522 2793 649 2846 arborem
667 2792 893 2846 odoratissimam
911 2792 1076 2859 significans
1093 2791 1246 2858 flagrum-45

280 2878 417 2930 tissimum
430 2878 559 2944 gratiam3
573 2877 701 2945 profecto
714 2878 784 2931 sicut
797 2879 825 2931 in
838 2879 897 2931 eius
910 2879 983 2931 recta
996 2877 1056 2930 fide
1073 2875 1156 2928 tactus
1175 2879 1217 2929 est

281 2979 296 3014 a
307 2961 423 3016 Christo
431 2961 619 3028 Christianus,
631 2964 670 3014 sic
680 2963 708 3015 in
723 2961 794 3014 bono
807 2961 861 3014 eius
878 2964 969 3022 odoro,
978 2979 993 3014 a
1002 2975 1087 3029 cypro
1098 2960 1216 3029 Cypria·

137 3062 202 3098 acino
212 3069 267 3091 nomen
282 3063 342 3101 nus
367 3046 441 3099 Dicit
456 3049 528 3100 enim
545 3049 571 3099 et
586 3047 732 3114 apostolus
748 3045 864 3100 Paulus:
880 3046 1004 3101 Christi
1018 3048 1122 3100 bonus
1137 3048 1218 3100 odor

176 3110 225 3139 hm
282 3148 390 3186 sumus
401 3133 527 3186 inomni
538 3132 616 3186 loco.
629 3131 723 3185 Bonus
735 3133 827 3199 itaque
837 3132 910 3185 odor
920 3131 1025 3185 Christi
1035 3132 1063 3183 in
1074 3130 1217 3198 Cypriano

282 3220 380 3270 nostro
403 3217 438 3269 ab
460 3218 513 3270 ista
535 3216 613 3269 sede:
636 3232 691 3270 non
715 3216 791 3283 quod
813 3216 875 3269 huic
897 3215 1091 3268 tantummodo
1112 3215 1217 3267 ciuitati
1225 3230 1248 3267 50

280 3302 350 3355 satis
367 3303 504 3367 esse<t>,
522 3317 571 3354 nec
589 3301 666 3355 solae
682 3301 802 3366 Africae,
820 3302 897 3353 cuius
915 3300 981 3353 haec
997 3301 1079 3366 caput
1096 3302 1148 3364 est3
1166 3299 1216 3351 sed

283 3389 321 3440 ita
330 3404 361 3440 se
372 3388 455 3455 longe
467 3387 575 3454 lateque
586 3386 714 3452 diffudit,
726 3389 757 3438 ut
768 3402 783 3438 a
794 3385 862 3439 solis
873 3388 936 3438 ortu
946 3400 1033 3452 usque
1043 3384 1079 3437 ad
1089 3399 1217 3438 occasum

283 3500 334 3552 102
