2819 4040
653 315 763 364 Appendix.
782 315 844 353 Tract.
855 315 878 352 ll.

300 442 348 493 uit.
368 439 459 492 Firma
476 443 536 493 esto
553 454 644 506 sensu,
661 440 764 493 deuota
779 439 849 492 lide:
867 441 981 506 expecta
997 437 1128 491 auxilium
1145 438 1233 495 <de>

301 524 404 577 deifica
417 525 527 592 pietate.
687 558 691 565 ·
951 556 953 562 ι
1096 526 1100 533 ’
1243 533 1277 571 rau

360 609 385 661 4.
398 606 564 662 Offeramus
576 610 677 675 itaque,
690 608 765 676 quod
778 624 875 675 magos
887 607 1002 660 domino
1014 606 1150 659 obtulisse
1160 621 1233 659 com-

300 694 432 760 perimus:
449 709 553 759 aurum,
568 693 640 759 thus,
656 696 683 746 et
697 694 817 747 mirram.
832 692 888 746 Sed
903 709 955 745 nos
970 705 1067 745 aurum
1081 708 1137 744 non
1151 691 1232 743 habe-

300 793 370 844 mus,
394 780 457 845 quia
478 779 573 831 mundi
596 779 670 831 bona
692 778 864 845 reliquimus:
888 778 955 845 quid
976 793 1043 844 ergo
1065 777 1172 829 lactura
1194 792 1232 843 eS,

300 861 437 928 praelecta
455 863 620 929 pauperies?
636 861 753 929 qualiter
769 862 805 914 ad
823 862 966 916 Christum
984 861 1091 927 ingredi
1109 860 1233 927 poteris?

300 946 418 1012 qualiter
434 946 573 1013 adorabis,
590 961 650 998 cum
667 962 715 998 nec
732 948 789 999 auri
806 951 895 1001 tecum
911 945 1022 1014 pondus
1039 947 1086 998 aut
1101 947 1170 998 turis
1187 945 1275 998 aut135

299 1046 406 1096 myrrae
419 1045 519 1083 suaues
532 1030 634 1083 odores
647 1031 791 1083 attuleris?
810 1030 876 1083 Non
889 1030 923 1083 de
935 1033 962 1083 te
975 1045 1073 1082 aurum
1084 1029 1231 1095 quaeritur,

147 1133 189 1163 raet
198 1134 290 1171 perosius.
300 1114 349 1165 sed
374 1113 444 1166 fidei
466 1115 626 1181 pretiositas
650 1113 803 1180 flagitatur.
828 1113 933 1167 Aurum
958 1113 1036 1179 illud,
1060 1112 1135 1179 quod
1158 1111 1231 1179 magi

299 1197 435 1264 ferebant,
460 1198 661 1264 pretiositatem
683 1197 752 1250 fidei
776 1198 1014 1250 demonstrabant.
1039 1195 1136 1262 Neque
1159 1196 1230 1257 enim

298 1296 362 1333 uere
378 1296 474 1333 aurum
489 1280 618 1334 Christus
632 1280 818 1347 desiderabat,
834 1282 880 1348 qui
895 1284 982 1334 totam
997 1281 1141 1333 auaritiam
1156 1281 1231 1333 dam·

183 1382 254 1420 Myrrhae
298 1367 412 1417 naturus
426 1365 587 1418 aduenerat:
600 1381 648 1417 nec
659 1367 728 1417 turis
742 1368 788 1418 aut
800 1381 907 1432 myrrae
920 1365 1138 1432 supplicamenta
1151 1381 1231 1432 quae·
1240 1375 1275 1412 nu

154 1431 280 1467 ³”⁵'¹'¹¹⁶²¹¹”e¹¹¹³'
298 1449 384 1515 rebat,
403 1451 466 1515 quia
483 1464 573 1502 nouus
590 1449 720 1501 sacerdos
738 1464 873 1502 nouorum
891 1465 1031 1502 sacrorum
1047 1453 1091 1502 tus
1109 1452 1136 1502 et
1153 1451 1231 1516 spiri-

298 1532 365 1585 talia
380 1533 511 1600 deinceps
533 1531 655 1584 sacrificia
675 1532 874 1598 dernandabat;
890 1534 940 1586 sed
954 1534 1106 1600 accipiebat
1120 1536 1148 1587 in
1163 1549 1230 1587 auro

299 1633 314 1668 a
328 1616 505 1669 credentibus
520 1617 616 1683 tidem,
632 1619 659 1675 in
676 1633 766 1683 myrra
780 1617 825 1669 uel
840 1618 920 1670 thure
935 1618 1075 1684 passionis
1092 1620 1118 1670 et
1133 1618 1231 1670 sancti·

297 1701 362 1752 tatis
381 1700 528 1752 amabilem
545 1702 717 1754 suauitatem.
736 1700 807 1753 Nam
825 1702 895 1753 sicut
911 1716 990 1767 reges
1008 1701 1109 1752 saeculi
1127 1701 1161 1753 ab
1178 1701 1229 1768 his,

297 1800 367 1851 quos
379 1785 517 1836 uincendo
529 1786 557 1836 in
570 1801 635 1837 suae
647 1785 777 1837 dictionis
789 1787 849 1837 iura
860 1787 1010 1851 uerterunt,
1022 1787 1049 1837 et
1060 1786 1164 1838 tributa
1175 1786 1229 1837 exi·
1239 1802 1273 1839 115

193 1877 256 1954 ffisss
295 1871 373 1933 gunt,
393 1871 420 1920 et
439 1870 562 1920 aurarias
582 1870 746 1921 indictiones
767 1869 888 1921 tidenter
907 1872 1070 1936 exposcunt,
1090 1871 1129 1922 ita
1147 1870 1229 1922 etiam

258 1946 261 1953 ’
296 1952 427 2004 dominus
442 1952 580 2018 Christus,
594 1969 642 2004 rex
656 1955 790 2019 aeternus,
805 1954 945 2019 passionis
960 1969 1025 2005 suae
1039 1953 1162 2019 perfecta
1175 1955 1229 2006 uic-

295 2037 375 2102 toria,
393 2036 427 2087 de
444 2035 487 2087 his
504 2052 574 2103 quos
591 2037 698 2088 diaboli
713 2038 867 2103 captiuitati
885 2037 1031 2105 subripuit,
1048 2039 1075 2089 et
1092 2052 1157 2090 suae
1174 2053 1229 2089 ser-

295 2120 392 2171 uitutis
407 2121 533 2172 dominio
548 2120 672 2187 subiecit,
688 2122 773 2187 exigit
788 2122 977 2188 principaliter
991 2121 1060 2174 tidei
1076 2137 1158 2174 aurea
1173 2137 1229 2174 mu-

296 2222 370 2272 nera,
392 2208 478 2273 exigit
497 2208 650 2259 sanctitatis
671 2209 698 2258 et
718 2208 866 2273 passionis.
894 2205 979 2258 Actus
1000 2207 1073 2258 enim
1093 2207 1181 2259 nostri
1202 2209 1272 2261 et150

299 2291 370 2341 inter·
380 2290 506 2343 homines
517 2290 649 2356 flagrant,
660 2293 687 2342 et
697 2291 834 2342 caelorum
845 2306 930 2356 regna
940 2291 1139 2343 conscendunt:
1151 2290 1228 2356 quid-

296 2374 363 2440 quid
379 2376 495 2440 agimus,
511 2375 723 2437 existimationis
739 2375 817 2426 tumo
831 2376 858 2426 et
873 2375 1014 2440 opinionis
1030 2375 1116 2426 odore
1132 2374 1228 2440 uulga-

214 2472 248 2510 ror.
265 2461 350 2511 ntur:
365 2462 392 2511 et
405 2461 427 2511 si
442 2459 509 2525 quid
527 2454 538 2528 ΙΙ
552 2461 623 2510 recte
636 2459 806 2525 flagrauerit,
820 2460 932 2512 diuinus
946 2460 1045 2511 exinde
1060 2461 1167 2511 animus
1180 2458 1228 2512 ob-

296 2544 419 2609 lectatur,
437 2546 500 2610 quia
515 2545 584 2596 deus
601 2560 649 2610 per
665 2544 803 2596 hominem
819 2544 1000 2608 clarificatum
1016 2546 1043 2595 et
1058 2543 1227 2596 credentium

293 2629 351 2680 uita
363 2628 514 2695 redimitur,
525 2628 591 2679 dum
603 2628 683 2690 bonis
696 2630 878 2681 incitamentis
889 2629 1039 2681 credulitas
1051 2630 1226 2696 prouocatur.
1236 2641 1270 2677 155

295 2713 323 2766 Si
345 2730 412 2766 uero
432 2715 510 2766 triste
532 2714 638 2780 aliquid
659 2716 685 2766 et
706 2714 853 2766 aduersum
874 2730 908 2765 ex
929 2713 1003 2764 illius
1024 2713 1144 2765 hominis
1165 2728 1228 2782 con-

294 2799 453 2850 uersatione
465 2799 599 2864 prodierit
609 2800 654 2863 qui
666 2797 770 2850 Christi
782 2814 882 2849 nomen
893 2796 1019 2862 infamat,
1031 2797 1127 2849 mortis
1135 2797 1227 2848 huius·

294 2883 371 2934 modi
393 2882 508 2934 odorem
527 2882 638 2949 flagrat,
660 2884 723 2948 quia
744 2881 870 2948 exemplo
891 2897 942 2934 suo
962 2882 1120 2933 consimiles
1141 2883 1226 2947 necat,

157 2992 268 3028 eurupam
294 2965 425 3032 apostolo
445 2967 564 3019 dicente:
583 2964 782 3028 Quibusdam
801 2966 882 3018 odor
901 2967 1014 3018 mortis
1033 2967 1064 3017 in
1083 2968 1226 3031 mortem,

147 3041 280 3125 {fflfflfjffjffi
295 3050 485 3117 quibusdam
506 3051 587 3102 odor
605 3051 691 3101 uitae
712 3051 742 3102 in
761 3051 868 3102 uitam.
890 3048 972 3103 Odor
991 3051 1064 3101 uitae
1084 3051 1112 3101 in
1132 3050 1270 3116 uitammo

182 3138 245 3167 mann
293 3135 359 3186 dum
371 3134 510 3187 bonorum
522 3134 655 3201 exemplis
668 3150 718 3201 pro
731 3136 844 3187 caritate
856 3134 935 3187 multi
949 3136 976 3186 in
988 3135 1074 3187 uitam
1087 3137 1226 3187 aeternam

292 3222 433 3274 credendo
451 3221 604 3286 saluantur;
621 3221 692 3273 odor
709 3222 805 3272 mortis
823 3221 850 3271 in
868 3221 993 3285 mortem,
1011 3219 1076 3270 dum
1093 3219 1226 3285 pessimo-

292 3322 352 3358 rum
371 3305 495 3358 moribus
514 3305 689 3370 inflammati,
707 3304 799 3357 taliter
816 3304 939 3358 uiuendo
958 3305 985 3355 in
1004 3305 1119 3355 mortem
1138 3304 1226 3355 consi-

214 3430 217 3436 .
293 3392 372 3443 miles
382 3393 578 3458 prouocantur.
595 3389 640 3442 Sic
650 3391 689 3441 illi
701 3390 792 3442 lumen
803 3389 925 3441 uiuendo
936 3392 1072 3454 secuntur,
1083 3390 1110 3440 et
1119 3390 1225 3454 uiuent;

293 3512 344 3565 174
