2819 4040
647 324 666 364 S,
681 323 785 374 Augustini
798 328 890 366 tractatus

165 454 310 534 {psefflrfflgg
319 448 546 501 resurrectionem
559 448 587 500 in
600 450 753 502 aeternum:
769 451 859 518 ipsam
870 450 1060 517 ‘euangelistae
1073 451 1182 518 scriptis
1195 450 1252 504 suis

193 552 282 583 naenias.
318 532 541 599 terminauerunt,
556 548 606 599 per
619 533 715 586 orbem
729 537 864 597 terrarum
879 534 1000 603 apostoli
1015 535 1251 602 praedicauerunt.

319 614 437 684 Propter
460 618 547 685 ipsius
571 619 780 672 resurrectionis
804 621 893 674 fidem
915 621 1001 673 sancti
1025 622 1158 687 martyres
1182 620 1251 674 mori

318 716 374 753 non
388 702 546 770 timuerunt,
560 704 694 756 ettamen
708 705 778 758 mori
792 706 953 759 timuerunt:
974 706 1063 771 magis
1078 705 1150 757 enim
1165 719 1252 758 more-

317 786 418 851 rentur,
430 786 454 838 si
466 787 535 839 mori
547 787 685 853 timerent,
697 789 724 839 et
734 789 834 842 timore
846 789 942 843 mortis
955 787 1097 842 Christum
1110 791 1250 856 negarent.
1261 801 1296 839 100

317 866 395 931 Quid
406 872 448 922 est
458 872 550 924 tamen
563 869 706 924 Christum
718 888 828 940 negare,
841 874 894 927 nisi
905 873 990 925 uitam
1002 873 1122 939 negare?
1139 872 1252 939 Quanta

317 952 456 1006 dementia
471 957 520 1021 est,
536 954 657 1007 amando
671 956 757 1008 uitam
773 972 875 1024 negare
889 956 986 1010 uitam!
1009 956 1073 1024 lpsa
1087 972 1154 1024 ergo
1169 955 1250 1009 nobis

316 1037 510 1092 determinatio
524 1039 595 1092 fidei
608 1042 651 1092 est
664 1039 770 1094 Christi
782 1043 955 1095 resurrectio.
976 1040 1059 1094 Unde
1071 1041 1154 1094 etiam
1166 1040 1251 1107 scrip-

315 1123 374 1174 tum
395 1125 485 1176 estet
506 1125 534 1177 in
554 1125 641 1177 ueteri
662 1127 690 1177 et
711 1126 739 1178 in
761 1141 838 1179 nouo
858 1128 1033 1192 testamento,
1055 1140 1137 1193 agere
1157 1123 1250 1193 paeni·

316 1208 430 1260 tentiam
454 1211 481 1261 ct
503 1209 625 1276 accipere
648 1210 842 1263 remissionem
866 1213 1048 1277 peccatorum,
1072 1211 1102 1262 in
1126 1210 1195 1262 uiro
1219 1209 1294 1261 in105

317 1307 378 1358 quo
396 1291 565 1346 diffiniuit
581 1293 682 1346 fidem
700 1294 860 1362 omnibuS,
878 1297 1038 1348 suscitans
1056 1310 1123 1348 eum
1141 1309 1250 1347 amor·

316 1377 389 1430 tuis.
409 1377 486 1430 Haec
495 1380 539 1431 est
550 1377 691 1430 diffinitio
703 1378 781 1445 fidei,
794 1380 958 1433 resurrectio
970 1379 1075 1432 domini
1088 1379 1174 1432 nostri
1188 1376 1250 1430 lesu

317 1459 431 1515 Christi.
455 1462 564 1529 Viuitis,
582 1463 606 1514 si
624 1463 738 1516 uiuatis:
762 1463 815 1515 hoc
833 1466 883 1530 est,
902 1465 929 1515 in
948 1465 1088 1516 aeternum
1105 1464 1208 1527 uiuitiS,
1226 1462 1249 1513 si

315 1544 385 1597 hene
404 1546 536 1600 uixeritis
562 1545 659 1599 Nolite
677 1547 774 1600 timere
791 1547 864 1601 male
882 1549 963 1600 mori:
988 1548 1090 1613 timete,
1110 1547 1160 1600 sed
1178 1545 1249 1599 male

315 1629 417 1683 uiuere.
444 1630 518 1683 Mira
538 1631 719 1698 peruersitas!
746 1629 848 1684 Omnis
868 1631 952 1684 homo
972 1631 1051 1683 timet
1072 1630 1147 1698 quod
1168 1645 1293 1683 nemono

315 1713 423 1780 euadet,
443 1716 543 1767 elnon
563 1714 632 1767 iacit
649 1714 725 1782 quod
743 1717 837 1782 potest
856 1715 955 1768 lacere.
982 1714 1021 1767 Ut
1039 1730 1095 1767 non
1114 1715 1248 1779 moriariS,

316 1813 372 1850 non
393 1800 472 1864 potes
493 1798 597 1864 facere;
621 1801 652 1851 ut
670 1799 741 1851 bene
760 1799 850 1865 uiuas,
871 1801 960 1865 potes,
989 1798 1044 1851 Fac
1064 1799 1139 1865 quod
1160 1799 1248 1865 poteS,

271 1894 305 1930 on
315 1883 342 1933 et
357 1898 412 1934 non
427 1882 537 1935 timebis
554 1882 630 1950 quod
645 1899 700 1937 non
716 1885 804 1950 potes,
820 1879 824 1953 Ι
838 1883 915 1937 Nihil
931 1884 1003 1936 enim
1018 1885 1074 1935 tam
1089 1885 1192 1936 certum
1207 1883 1249 1934 est

314 1965 420 2019 homini
439 1982 520 2034 quam
538 1983 622 2021 mors
650 1967 741 2035 Incipe
760 1968 794 2021 ab
814 1969 902 2021 initi0.
928 1966 1088 2034 Conceptus
1106 1970 1148 2020 est
1165 1967 1248 2020 homo

161 2051 342 2118 Nihimgrcnlnin
359 2052 449 2104 utero:
466 2051 541 2104 forte
557 2052 688 2119 nascitur,
705 2051 779 2106 forte
796 2068 852 2105 non
869 2052 998 2104 nascitur.
1024 2051 1080 2104 lam
1097 2054 1177 2104 natus
1195 2052 1292 2103 est:115

173 2112 293 2188 namn.
314 2134 388 2187 forte
410 2138 515 2203 crescit,
539 2135 614 2189 torte
637 2152 692 2190 non
713 2138 821 2190 crescit:
848 2137 921 2189 forte
944 2136 1026 2189 discit
1049 2136 1151 2202 literas,
1174 2136 1248 2188 forte

314 2236 371 2272 non
384 2221 466 2274 discit
478 2222 584 2275 literas:
604 2221 678 2275 forte
690 2222 765 2275 ducit
776 2238 899 2288 uxorem,
912 2221 986 2274 forte
1000 2237 1055 2274 non
1068 2221 1154 2274 ducit:
1174 2220 1247 2273 forte

314 2303 427 2357 habebit
441 2305 528 2372 filios,
542 2304 617 2358 forte
632 2322 687 2358 non
701 2306 825 2359 habebit:
846 2306 920 2358 lorte
933 2306 1024 2358 bonos
1038 2305 1159 2371 habehit,
1173 2304 1248 2357 lorte
1316 2331 1318 2333 >

313 2386 395 2440 malos
422 2390 545 2443 habebit:
571 2389 645 2443 forte
663 2390 765 2443 honam
782 2406 896 2444 uxorem
914 2390 1035 2456 habebit,
1055 2390 1128 2443 forte
1147 2389 1247 2442 malam

314 2474 438 2527 habebit:
462 2475 535 2528 forte
552 2475 631 2528 diues
648 2477 708 2542 erit,
725 2476 799 2529 forte
817 2491 922 2543 pauper
938 2477 1000 2529 erit:
1024 2475 1098 2528 forte
1115 2473 1291 2542 ignobilismo

313 2560 373 2625 erit,
392 2559 466 2612 forte
484 2560 635 2612 honoratus
654 2561 714 2614 erit.
739 2559 883 2628 Numquid
901 2561 972 2612 inter
989 2560 1056 2612 haec
1073 2561 1166 2626 potest
1183 2558 1246 2624 dici,

315 2642 399 2695 Forte
423 2645 561 2710 morietur,
584 2643 658 2697 forte
682 2661 738 2697 non
762 2643 914 2697 morietur?
951 2642 1026 2709 Ergo
1049 2644 1139 2695 omnis
1162 2643 1246 2695 homo

312 2729 394 2780 natus
419 2728 620 2795 aegritudinem
645 2727 750 2795 incidit,
776 2728 811 2781 de
836 2743 890 2796 qua
915 2727 1007 2780 nullus
1032 2727 1131 2780 euadet
1156 2728 1244 2779 natus.

311 2810 434 2863 Moritur
448 2812 520 2878 inde,
536 2827 590 2879 quo
605 2812 691 2865 modo
706 2813 779 2865 solet
793 2813 857 2866 dici.
879 2811 991 2878 Ydrops
1006 2813 1059 2864 est:
1078 2825 1188 2863 necesse
1203 2812 1246 2862 est

311 2896 453 2962 moriatur,
472 2912 553 2949 nemo
571 2896 635 2949 inde
654 2897 763 2950 euadet.
789 2896 982 2949 Elefantiosus
1000 2897 1053 2948 est:
1076 2896 1289 2961 necesseest125

311 2981 454 3046 moriatur,
466 2996 546 3033 nemo
557 2980 621 3033 inde
633 2981 742 3034 euadet.
760 2980 850 3034 Natus
862 2981 914 3033 est:
929 2996 1040 3032 necesse
1052 2983 1094 3032 est
1105 2980 1245 3045 moriatur,

311 3079 393 3117 nemo
405 3064 470 3116 inde
480 3065 587 3117 euadet.
599 3063 674 3131 ¹Quia
686 3080 753 3132 ergo
765 3081 877 3118 necesse
889 3065 931 3116 est
941 3066 971 3116 ut
981 3065 1122 3130 moriatur,
1134 3062 1245 3130 quando

311 3148 423 3215 quidem
434 3165 483 3201 nec
493 3150 554 3215 ipsa
562 3149 621 3201 'uita
629 3149 750 3202 hominis
761 3150 854 3202 saltim
862 3149 993 3201 diuturna
1001 3164 1062 3201 esse
1070 3147 1244 3215 permittitur,

310 3235 432 3286 cuiusuis
455 3234 489 3286 ab
511 3233 631 3286 infantia
652 3234 785 3301 decrepiti
807 3235 891 3300 seniS,
913 3249 969 3286 non
991 3236 1084 3299 restat,
1107 3233 1159 3285 nisi
1182 3248 1245 3285 con-

310 3319 408 3387 fugere
429 3320 547 3373 adeum
568 3321 614 3387 qui
634 3336 685 3387 pro
706 3321 787 3373 nohis
808 3322 934 3374 mortuus
955 3321 1006 3386 est,
1027 3321 1054 3372 et
1074 3317 1244 3385 resurgendo
1253 3330 1288 3367 130

310 3420 388 3472 spem
411 3405 501 3471 dedit3
518 3406 568 3471 ut,
593 3406 657 3473 quia
678 3406 706 3458 in
729 3406 782 3460 ista
805 3406 871 3473 uita,
895 3405 923 3457 in
946 3419 1000 3476 qua
1023 3404 1164 3473 currimuS,
1187 3418 1243 3460 uon

307 3524 344 3583 48
