2819 4040
649 339 668 378 S.
682 338 786 388 Augustini
799 339 891 378 tractatus

351 469 447 512 XXXVI.
463 468 478 512 i.
493 458 660 510 5oV1thl³1T
676 467 816 513 TltACTllT
831 501 836 511 .
851 467 891 511 DE
904 467 1044 511 SECUNDA
1058 466 1113 514 FER
1127 501 1131 510 .
1146 466 1254 512 PASCE.

381 540 568 586 Resurrectionem
578 540 663 583 domini
674 540 708 583 ulii
719 540 821 585 uiderunt
830 575 835 585 .
846 540 881 583 alii
892 540 1013 583 nuntiatam
1023 552 1068 583 non
1078 540 1216 585 crediderunt
1223 571 1254 584 ...

380 614 489 667 corrigant
504 612 683 659 claudicationem
697 613 805 659 ,ueniant
821 614 849 656 ad
864 612 1039 657 benedictionem
1053 646 1058 657 .
1073 625 1149 656 amen.
1158 611 1254 656 EXPL'l.

321 692 322 697 ’
380 686 399 728 T
401 684 460 730 ΒΑΕ
474 720 479 731 .
493 685 533 728 DE
546 683 688 728 SECUNDA
703 684 758 730 FER
771 718 776 729 a
791 685 884 728 Pasce
896 718 902 729 .
916 685 934 728 ll
949 718 954 728 .

382 780 417 833 Et
437 782 635 834 sententiarum
654 781 778 849 pondere
796 784 824 835 et
843 780 1008 835 elocutionis
1027 781 1085 834 arte
1103 779 1254 847 ‘Augustini

321 880 382 917 esse
398 880 428 917 se
443 865 538 932 prodit
553 881 644 918 sermo
660 866 711 917 iste
726 864 859 918 hactenus
874 864 1004 918 ineditus
1028 864 1059 917 ln
1075 863 1180 931 quode
1195 862 1255 916 tide

321 949 530 1002 resurrectionis
551 949 717 1016 disputatur,
738 951 766 1001 et
785 964 833 1001 cur
852 951 941 1002 certus
962 947 1105 1000 hominum
1125 961 1254 999 numerus

321 1048 381 1085 eam
400 1033 540 1101 sortiatur,
557 1034 640 1086 ceteri
658 1034 749 1086 autem
767 1033 876 1087 occulto
894 1033 939 1087 dei
957 1032 1060 1086 iudicio
1078 1032 1190 1085 minime
1208 1031 1256 1085 ad·

321 1117 438 1184 tingant,
458 1117 691 1185 quemadmodum
711 1119 739 1169 in
757 1117 864 1184 populo
885 1117 996 1171 ludaico
1015 1116 1088 1170 etin
1108 1115 1191 1170 iacob
1208 1132 1256 1184 pa·

320 1201 439 1255 triarcha
452 1218 512 1256 cum
526 1202 626 1270 angelo
640 1202 760 1255 luctante
773 1202 840 1255 olim
853 1202 1076 1270 praefiguratum
1087 1203 1141 1254 est:
1155 1201 1254 1268 quibus

321 1286 423 1338 similia
441 1286 507 1339 alibi
524 1288 653 1353 reperies,
670 1288 701 1339 ut
717 1289 784 1354 puta
801 1303 881 1341 serm,
899 1287 924 1353 6,
940 1302 968 1340 u.
986 1285 1089 1353 fisqq.;
1108 1285 1168 1352 122,
1186 1302 1212 1338 n.
1226 1285 1254 1348 3;

321 1370 383 1436 204,
398 1386 424 1423 n.
438 1370 454 1423 3
471 1371 520 1423 etc.
542 1369 573 1422 ln
587 1369 711 1436 margine
725 1385 809 1436 porro
823 1370 894 1422 alius
908 1384 990 1422 manu
1004 1367 1063 1422 iere
1076 1383 1180 1422 coaeua
1193 1368 1256 1421 des·

321 1453 425 1520 criptus
437 1455 479 1506 est
490 1452 660 1506 tractatus
672 1469 694 1507 s,
706 1452 784 1521 Aug.
797 1453 836 1506 de
848 1452 910 1520 Xls,
922 1453 995 1506 idem
1008 1454 1054 1520 qui
1066 1452 1093 1505 in
1106 1451 1255 1520 Augustini

321 1535 484 1605 Appendice
497 1537 571 1590 144¹¹⁵
594 1540 647 1603 est3
659 1538 702 1591 cui
714 1539 797 1590 etiam
809 1538 943 1591 nonnulla
955 1554 989 1591 ex
1000 1553 1080 1591 serm.
1093 1536 1128 1590 26
1138 1535 1256 1590 Maximi

321 1620 501 1674 Taurinensis
519 1619 631 1692 (Migne
648 1623 690 1689 57,
707 1623 760 1675 584
778 1621 808 1675 Β.
826 1620 864 1691 C)
883 1623 975 1689 inepte
992 1621 1091 1674 adsuta
1108 1623 1180 1674 sunt.

351 1740 458 1786 XXXVll.
471 1741 486 1785 t.
499 1742 527 1784 58
538 1741 637 1786 Audistis
650 1742 703 1797 quid
715 1742 819 1787 dominus
829 1741 943 1797 discipulis
955 1742 1000 1786 suls
1013 1745 1064 1796 post
1075 1742 1255 1785 resurrectionem

380 1813 476 1858 dixerit.
491 1843 515 1857 ..
532 1814 596 1857 Unde
612 1827 665 1869 ergo
682 1815 803 1859 mortuus?
818 1815 915 1858 Verbum
929 1827 981 1858 caro
996 1815 1078 1858 tactum
1094 1816 1145 1858 est.
1159 1814 1181 1858 et
1195 1813 1256 1857 liabi-

380 1886 435 1930 aut
448 1886 471 1928 n
487 1885 551 1929 nous
565 1923 570 1931 .
585 1900 648 1930 amen
662 1922 667 1932 .
683 1887 764 1931 exem
780 1920 785 1930 .
799 1885 880 1932 rane
893 1919 898 1929 .
925 1877 956 1939 tr.
970 1888 998 1930 oo
1014 1877 1019 1939 Ι

383 1981 492 2049 Nullus,
509 1985 540 2036 ut
555 1983 645 2050 uides,
663 1984 783 2038 sermoni
800 1983 897 2037 titulus
914 1982 1118 2051 praescribitur,
1136 1982 1211 2050 quod
1228 1984 1255 2035 et

322 2067 433 2133 saepius
458 2066 531 2119 intra
556 2067 655 2120 accidit
678 2068 838 2121 membrana
861 2084 931 2136 pura
954 2067 1057 2121 relicta.
1088 2067 1189 2120 Verum
1212 2068 1256 2119 hic

322 2149 428 2217 aliquid
445 2152 559 2204 omnino
576 2151 698 2205 deterius
717 2153 817 2218 euenit,
834 2155 865 2205 ut
882 2152 980 2205 ordine
998 2153 1118 2205 forsitan
1136 2152 1254 2204 inuersis

322 2249 372 2287 seu
395 2236 477 2287 etiam
500 2235 696 2289 deficientibus
720 2238 860 2304 archetypi
883 2237 961 2290 toliis
985 2237 1120 2289 orationis
1144 2236 1254 2289 nonnisi

322 2318 437 2371 disiecta
452 2319 574 2372 membra
587 2322 777 2387 remanserint,
793 2336 862 2387 quae
877 2321 960 2373 etiam
974 2320 1092 2387 qualiter
1105 2319 1256 2372 coadunari

322 2405 425 2470 queant
442 2403 517 2457 haud
532 2405 573 2457 ita
592 2404 674 2458 facile
692 2405 852 2472 perspicias,
877 2404 951 2457 ticet
968 2406 1040 2457 enim
1058 2405 1146 2471 prima
1164 2405 1256 2470 specie

322 2486 390 2539 nihil
404 2486 594 2541 huiuscemodi
608 2489 765 2556 suspiceris,
780 2491 885 2556 septem
900 2488 998 2541 saltem
1011 2489 1039 2540 in
1053 2504 1086 2541 ea
1099 2488 1256 2554 fragmenta

322 2570 521 2637 distinguenda
536 2573 611 2624 sunt:
627 2587 743 2639 quorum
759 2574 876 2640 primum
891 2572 1002 2625 duobus
1017 2572 1113 2638 primis
1128 2571 1256 2624 uersibus

322 2656 432 2707 constat
447 2653 594 2708 Audistis
609 2655 686 2722 quid
700 2655 849 2709 dominus
865 2687 899 2694 -
913 2657 1090 2723 morituris,
1106 2654 1256 2709 secundum

322 2753 389 2791 uero
407 2738 542 2806 disperiit,
559 2739 670 2792 tertium
688 2738 783 2802 Quod
799 2742 882 2793 enim
899 2739 976 2793 deus
994 2741 1037 2793 sit
1054 2738 1205 2793 Christus
1222 2770 1256 2776 -

322 2824 352 2874 et
376 2838 438 2875 non
461 2824 665 2890 cognouistis
688 2824 753 2878 me?
777 2824 935 2877 immediate
958 2824 1048 2890 primo
1071 2822 1255 2889 coniungitur,

322 2910 450 2975 quartum
469 2906 618 2976 Philippe
636 2909 689 2975 qui
708 2925 754 2961 me
771 2908 856 2961 uidit
873 2939 907 2946 -
924 2910 1015 2976 pater
1033 2909 1063 2960 et
1082 2906 1175 2960 tilius
1193 2907 1256 2960 duo

322 2993 349 3044 et
374 2992 499 3058 quintum
524 2989 685 3058 Quicquid
709 2993 823 3045 iterum
848 2991 929 3045 dicis
957 3022 991 3029 —
1020 2990 1087 3058 Ego
1111 2993 1142 3044 et
1166 2993 1256 3059 pater

322 3075 433 3128 audiat
447 3075 544 3143 quinto
558 3077 586 3127 et
600 3077 698 3142 quarto
713 3076 775 3129 loco
789 3077 959 3129 commutato
973 3074 1070 3129 ordine
1085 3073 1255 3141 exhibentur,

322 3163 429 3213 sextum
452 3161 483 3212 et
503 3157 656 3212 tirrianus
679 3176 772 3214 unum
794 3191 823 3198 —
847 3159 886 3213 Et
909 3161 935 3213 si
958 3160 1122 3213 nonestis
1145 3158 1254 3211 idonei

323 3246 393 3312 cogi
406 3245 433 3297 in
442 3246 562 3311 priorem
571 3246 676 3310 partem
689 3245 824 3297 sermonis
832 3245 956 3312 proxime
969 3243 1109 3311 sequentis
1122 3243 1257 3296 intrusum

320 3330 369 3394 est,
385 3329 532 3395 septimum
547 3327 659 3380 tandem
674 3327 749 3380 dare
762 3330 867 3380 tamen
881 3327 982 3380 iidem
995 3328 1102 3380 tenete
1117 3357 1150 3364 —-
1164 3326 1253 3380 trahi-

319 3412 400 3464 tauit
419 3412 449 3463 in
469 3409 563 3464 nobis
584 3412 681 3477 quarto
701 3410 824 3464 membro
844 3412 871 3463 in
890 3411 984 3464 codice
1004 3409 1145 3478 subicitur,
1165 3425 1252 3478 eoque

321 3530 366 3584 ΧΗ
