2819 4040
472 301 495 341 ll.
508 302 570 341 Index
582 303 684 342 nominum
697 304 717 342 et
729 314 794 342 rerum

195 440 279 472 morere
299 428 333 482 27,
351 428 390 479 84;
409 439 454 470 non
472 440 611 483 moreremur,
652 442 739 484 nomen,
756 431 848 473 crimen:
865 431 921 474 errat
937 429 959 472 in
975 430 996 471 te
1011 436 1100 479 nomen,

194 500 235 543 nisi
258 501 371 555 peccasset
398 498 465 543 homo
488 502 521 555 31,
532 503 550 545 6.
562 502 613 553 176;
681 504 756 546 manet
765 503 787 545 in
797 504 818 546 te
829 502 910 545 crimen
921 503 954 557 10,
964 500 1100 553 783recolite

195 586 240 617 non
251 575 344 617 mortem
355 574 471 616 contemsit
482 573 552 617 Adam
563 588 612 630 pec-

195 646 273 700 cando,
284 644 325 689 sed
334 646 462 688 moriturum
473 658 497 690 se
506 659 557 691 esse
567 660 611 691 non

194 717 285 760 credidit
304 717 438 772 31,13.30;
460 730 519 761 mors
541 731 613 774 poena

195 790 316 844 peccatoris
329 790 386 833 iacta
398 792 432 833 est
443 791 613 836 instrumentum

195 863 280 906 uirtutis
302 863 336 917 31,
357 864 396 914 60;
418 864 530 918 peccando
551 866 612 909 uenit

195 934 262 977 homo
276 934 303 977 ad
315 936 415 990 mortem,
428 948 486 979 nunc
496 938 611 981 moriendo

194 1008 295 1062 peruenit
314 1007 342 1050 ad
360 1009 428 1051 uitam
446 1010 480 1063 31,
499 1011 538 1062 58;
555 1021 612 1053 mor·

194 1081 223 1123 tis
237 1082 361 1123 contemtus
375 1081 431 1124 alius
444 1094 471 1124 ex
483 1083 564 1125 saeculi
576 1093 612 1125 cu·

195 1151 293 1206 piditate,
306 1151 360 1194 allus
372 1164 412 1207 pro
426 1152 466 1196 Dei
478 1155 566 1197 caritate
577 1154 610 1207 31,

198 1223 249 1274 1283
270 1222 367 1266 deseruit
388 1225 460 1267 anima
481 1225 552 1268 Deum
573 1237 611 1268 uo-

194 1294 247 1349 lens,
260 1297 282 1338 et
295 1295 376 1338 deserit
388 1308 475 1338 carnem
488 1296 565 1339 nolens
577 1297 611 1348 31,

195 1369 246 1419 1863
267 1370 360 1412 mortem
381 1382 422 1412 nec
442 1369 484 1424 ipsi
505 1371 610 1423 martyres

194 1445 323 1486 amauerunt
350 1446 383 1499 31,
410 1447 449 1497 87;
482 1446 523 1488 nisi
551 1457 610 1487 mors

194 1528 267 1559 amara
295 1519 360 1571 esset,
395 1519 512 1572 martyrum
540 1517 611 1573 gloria

195 1587 254 1631 nulla
269 1590 328 1632 esset
343 1590 376 1643 31,
394 1590 445 1640 107;
467 1602 528 1633 mors
541 1590 611 1644 prima

194 1660 259 1703 soluit
277 1661 376 1715 spiritum
395 1674 407 1703 a
425 1674 495 1715 carne,
514 1660 610 1705 secunda

194 1733 262 1775 morte
275 1733 389 1786 torquetur
396 1733 483 1787 spiritus
490 1745 539 1775 curn
547 1744 610 1775 carne

193 1804 290 1858 31,179;
305 1806 398 1848 mortem
413 1805 494 1847 times?
511 1803 561 1858 plus
575 1803 613 1845 de·

193 1875 232 1919 bes
244 1877 320 1919 timere
330 1877 538 1930 peccatum33,136;
550 1874 612 1917 multi

193 1948 250 1992 unde
267 1950 352 2003 uiuunt,
370 1948 421 1992 inde
439 1948 561 1991 moriuntur
577 1948 612 1999 33,

193 2022 239 2065 170.
581 2062 583 2066 ,

164 2094 257 2137 mundus
275 2106 371 2137 amaram
388 2095 503 2148 potionem*
518 2094 564 2136 suis
581 2092 612 2135 di-

193 2166 310 2210 lectoribus
320 2168 424 2221 propinat
433 2166 453 2209 Α
462 2168 482 2220 9,
493 2167 546 2218 124;
555 2176 611 2208 mur·

193 2241 285 2293 murant,
309 2239 362 2282 dum
383 2239 460 2282 mundi
484 2238 541 2282 mala
564 2251 611 2281 sae·

193 2313 261 2366 uiunt,
276 2312 392 2355 dilectores
406 2311 481 2354 mundi
496 2310 516 2353 Α
529 2312 549 2363 4,
563 2310 610 2353 155.

162 2457 221 2499 nasci
235 2459 256 2499 11
269 2457 324 2499 mori
337 2457 446 2509 nouimus,
460 2456 502 2499 hoc
514 2454 611 2498 abundat

192 2529 214 2570 in
228 2528 318 2583 regione
333 2531 408 2571 nostra
422 2530 441 2582 9,
456 2529 528 2580 9312,
543 2528 611 2578 19ss;

192 2602 250 2643 certa
266 2612 367 2654 quaeque
383 2601 405 2642 in
422 2600 467 2643 suis
482 2598 612 2655 regionibus

192 2673 321 2714 nascuntur:
333 2670 385 2713 nihil
398 2671 485 2724 ubique,
498 2671 539 2713 nisi
551 2671 611 2713 nasci

191 2746 214 2786 et
230 2743 284 2785 mori
303 2744 335 2797 12,
346 2744 385 2794 34;
401 2744 474 2785 omnis
491 2742 559 2785 homo
575 2754 612 2784 na-

191 2819 227 2858 tus
246 2815 405 2870 aegritudinem
423 2814 503 2869 incidit,
522 2814 550 2857 de
568 2826 611 2869 qua

192 2886 263 2929 nullus
274 2886 354 2929 euadet
364 2888 429 2929 natus
441 2886 474 2940 12,
486 2887 532 2928 122.

162 2959 261 3002 natalicia
289 2972 330 3002 sua
357 2960 449 3014 quisque
472 2958 567 3002 celebrat
589 2959 611 3001 in

190 3030 258 3074 domo
273 3044 314 3074 sua
329 3033 362 3085 27,
373 3032 407 3073 38.

162 3104 299 3147 Nathanahel
314 3103 429 3158 apostolus
443 3116 488 3146 non
503 3103 544 3146 iuit
559 3102 578 3145 Α
591 3104 610 3157 5,

192 3177 224 3220 13.

161 3247 388 3292 1161111ηά011ῑί111111111
398 3247 478 3290 Christi
489 3246 569 3290 ouibus
579 3248 611 3289 in·

191 3321 294 3375 scriptum
319 3320 351 3373 17,
362 3321 401 3370 00;
429 3319 519 3378 nomina
541 3318 611 3373 bapti-

189 3392 310 3436 ‘zandorum
327 3392 378 3435 data
394 3392 426 3445 17,
441 3393 475 3435 90.

681 576 775 629 primum
789 587 876 629 nomen,
890 575 946 618 etin
960 586 987 618 eo
1000 583 1101 628 persecu-

680 647 734 690 toris
760 647 879 704 agnoscitis
902 647 984 690 crimen
1003 646 1101 700 23,110;

681 720 734 774 quid
746 721 803 763 malo
815 722 921 775 episcopo
932 719 1018 763 coniert
1029 719 1101 761 honor

681 793 782 846 nominis,
801 793 842 835 nisi
860 792 969 836 cumulum
989 791 1100 836 criminis?

679 866 773 920 32123.

651 937 765 979 Nonarum
778 936 867 979 basilica
881 935 1013 992 Carthagine
1027 937 1061 989 30,
1075 937 1099 977 2:

681 1009 708 1052 cl.
725 1009 819 1051 Praelat.
833 1009 911 1051 XXVI.

650 1094 696 1125 nox
707 1084 788 1133 sancta,
802 1082 815 1124 i.
827 1095 846 1125 e.
858 1081 968 1136 paschalis
977 1083 996 1134 4,
1008 1082 1032 1132 1;
1042 1082 1063 1133 5,
1076 1081 1099 1132 13

681 1156 700 1209 6,
718 1155 741 1206 1;
758 1154 785 1196 ad
801 1156 973 1208 consequentem
989 1154 1046 1196 diem
1061 1154 1099 1196 do·

680 1227 783 1269 minicum
807 1227 900 1280 pertinet
922 1228 941 1279 5,
965 1228 1003 1277 21;
1032 1238 1099 1280 quare

681 1299 781 1342 Christus
795 1300 859 1341 nocte
871 1299 989 1342 resurrexit
1002 1300 1021 1352 5,
1035 1300 1068 1342 23.

650 1383 790 1414 numerorum
811 1371 926 1425 mysteria:
946 1371 991 1413 duo
1011 1371 1099 1427 nauigia

680 1446 702 1486 et
722 1443 768 1486 duo
787 1444 882 1498 parietes
903 1444 936 1497 15,
956 1444 995 1494 42;
1014 1445 1099 1497 septem

680 1516 768 1571 spiritus
796 1515 880 1570 gratiae
903 1517 935 1569 15,
949 1517 988 1567 70;
1016 1515 1099 1567 decem,

680 1589 723 1642 lex,
736 1588 857 1643 decalogus
868 1589 903 1640 15,
916 1589 955 1639 70;
968 1589 1041 1642 pisces
1050 1599 1100 1630 cen·

680 1661 727 1702 tum
745 1660 904 1714 quinquaginta
920 1662 964 1703 tres
982 1661 1014 1714 15,
1031 1661 1058 1702 58
1065 1672 1099 1711 ss;

681 1732 799 1775 centenarii
817 1732 901 1775 numeri
918 1732 1002 1788 grande
1020 1734 1100 1786 myste-

680 1804 735 1847 rium
750 1804 770 1846 Α
782 1806 802 1858 0,
812 1805 860 1847 410.

650 1948 718 2003 obire,
733 1948 791 1992 abire
805 1949 837 2002 16,
851 1951 884 1993 55.

650 2022 719 2063 oculis
732 2021 784 2064 nihil
796 2022 866 2065 carius
878 2022 1003 2077 incorpore
1015 2023 1048 2077 20,
1060 2024 1099 2073 42;

681 2092 749 2147 uulgo
769 2093 857 2136 dicitur:
876 2093 911 2137 Sic
929 2095 951 2136 te
972 2106 1028 2148 amo,
1047 2106 1100 2148 quo·

681 2164 749 2207 modo
763 2165 840 2208 oculos
853 2176 916 2208 meos
931 2167 964 2220 20,
979 2167 1017 2217 44;
1030 2166 1100 2208 oculis

680 2238 755 2279 tamen
768 2238 837 2280 carior
849 2238 897 2292 ipsa
910 2250 972 2280 mens
985 2239 1018 2291 20,
1030 2239 1099 2289 6211;

680 2321 720 2362 per
734 2308 811 2351 oculos
826 2311 876 2351 tuos
892 2308 967 2351 mundi
982 2321 1100 2363 possessor

680 2393 704 2423 es
726 2382 809 2435 20,53;
835 2382 853 2423 si
875 2381 994 2436 perdideris
1015 2381 1099 2434 oculos,

680 2452 771 2496 habebis
793 2456 896 2508 mentem,
917 2455 984 2497 homo
1006 2455 1059 2497 eris:
1080 2456 1098 2497 si

680 2523 800 2578 perdideris
814 2528 916 2580 mentem,
929 2538 996 2580 pecus
1009 2527 1051 2568 eris
1065 2528 1098 2580 20,

681 2599 719 2648 73;
733 2598 790 2640 oculi
805 2598 857 2640 fidei
871 2600 905 2653 30,
919 2599 952 2642 60.

650 2670 734 2725 Optato
746 2671 876 2714 Nlileuitano
887 2684 960 2714 sermo
973 2671 1073 2726 Append.
1086 2673 1099 2712 2

680 2742 772 2785 forsitan
786 2743 831 2786 iure
845 2743 978 2798 adscriptus:
993 2743 1021 2787 ci.
1036 2744 1099 2787 Prae·

680 2815 719 2858 iat.
736 2816 771 2858 111.

649 2887 743 2929 orationi
775 2887 873 2930 lidelium
903 2889 1011 2943 praemitti
1042 2888 1098 2931 solet

680 2958 796 3012 ,Dominus
819 2959 942 3003 ‘uobiscum‘
965 2962 984 3012 7,
1008 2961 1046 3012 63;
1076 2962 1098 3003 in

680 3031 781 3084 precibus
795 3032 904 3086 mentitur,
919 3032 955 3086 qui
970 3032 1031 3074 aliter
1043 3033 1097 3084 orat,

678 3103 923 3157 ’11111111111Α4,49.
969 3132 971 3138 .
1042 3134 1043 3137 =

648 3175 719 3216 oratio
743 3174 852 3217 dominica
873 3177 924 3218 octo
947 3174 1024 3218 diebus
1047 3177 1099 3229 post

679 3245 803 3299 symbolum
816 3247 933 3302 neophytis
943 3247 1022 3290 tradita
1034 3248 1052 3300 1,
1064 3248 1097 3289 43,

680 3320 843 3369 2114;1111111110
855 3321 995 3374 peccatorum
1008 3331 1052 3362 non
1064 3320 1098 3362 est

679 3391 701 3433 in
715 3391 762 3434 sola
775 3391 887 3434 ablutione
900 3391 1045 3446 baptismatis,
1058 3390 1098 3434 sed

1044 3497 1098 3552 237
