2819 4040
649 317 759 366 Appendix.
779 317 842 357 Tract.
851 317 874 356 V.

297 437 422 505 Dicebat,
436 440 594 507 audiebant,
607 442 706 494 etcum
720 457 775 510 quo
789 443 966 511 loquerentur
978 441 1144 495 nesciebant.
1157 441 1227 496 Ven-

294 525 352 575 tum
366 526 408 576 est
420 524 455 576 ad
467 524 628 592 hospitium,
642 527 775 580 inuitatus
788 529 931 596 susceptus
943 529 997 592 est;
1010 527 1090 594 panis
1102 527 1145 579 est
1157 526 1226 579 fruc·
1234 540 1258 576 45

294 609 347 673 tus,
361 609 388 660 et
401 610 511 678 agnitus
525 612 567 662 est
581 607 718 663 Christus.
732 610 894 665 Tabuerunt
905 610 997 676 corde,
1011 610 1227 663 infirmabantur

294 693 394 757 mente,
408 693 472 758 quia
485 692 601 746 necdum
613 694 708 746 uiuum
720 695 899 749 comederant
912 709 1018 762 panem,
1032 693 1110 747 illum
1123 694 1226 760 utique,

294 775 340 841 qui
364 776 400 827 de
423 792 453 828 se
476 777 538 843 ipso
561 778 798 844 pronuntiauerat,
821 780 927 832 dicens:
953 776 1019 845 Ego
1043 793 1109 830 sum
1134 779 1226 845 panis

293 859 398 926 uiuus,
415 861 467 926 qui
482 859 520 913 de
535 860 626 913 caelo
640 861 803 915 descendi.
822 861 874 915 lllo
889 878 959 929 pane
975 861 1066 928 angeli
1083 861 1225 927 satiantur,

294 958 374 1009 quem
392 944 507 996 cottidie
522 945 680 1012 conspicere
697 947 902 1013 concupiscunt.
921 945 975 1000 Sed
993 947 1057 1013 quia
1073 960 1135 998 eum
1151 961 1226 999 man·
1234 961 1258 998 50

293 1026 394 1079 ducare
411 1029 501 1080 minus
517 1028 618 1081 idonea
634 1028 689 1080 fuit
704 1028 844 1096 fragilitas
861 1033 963 1096 nostra,
980 1031 1039 1097 ipsc
1054 1027 1226 1082 descendens

294 1109 419 1163 exhibuit
439 1110 520 1164 nohis
541 1113 725 1178 praesentiam
746 1127 836 1166 suam:
857 1126 1009 1181 suspensus
1029 1114 1072 1166 cst
1092 1114 1119 1164 in
1140 1112 1225 1179 lign0,

293 1196 387 1246 coctus
403 1195 487 1247 estin
502 1194 637 1262 patibulo,
653 1198 680 1248 et
694 1212 805 1263 panem
819 1197 1009 1264 angelorum
1022 1195 1227 1249 manducauit

293 1277 395 1331 homo.
414 1277 449 1331 Et
465 1279 582 1346 qualiter
598 1279 650 1333 hoc
664 1295 831 1347 cognoscere
847 1280 1019 1348 poterimus?
1035 1279 1186 1345 Ieremiam,
1203 1279 1226 1330 si

141 1383 231 1440 harenas,
243 1361 409 1429 uresplaceat
428 1365 519 1415 uatem
537 1363 717 1430 magnificum
736 1364 891 1431 audiamus,
910 1364 977 1432 quid
995 1381 1028 1417 ex
1046 1379 1165 1432 persona
1185 1362 1257 1416 lu-ss

165 1433 261 1470 m³²n¹f¹⁶¹¹³
293 1445 428 1499 dacorum
440 1446 516 1500 dicit.
529 1446 653 1513 Venite,
668 1449 803 1515 inquiunt,
818 1450 980 1501 mittamus
994 1449 1114 1515 lignum
1129 1449 1160 1501 in
1173 1463 1226 1515 pa-

293 1546 362 1583 nem
378 1525 457 1597 eius,
472 1530 525 1583 hoc
539 1533 589 1598 est,
604 1531 801 1598 crucifigamus
816 1548 916 1599 corpus
932 1533 998 1598 eius,
1015 1532 1093 1599 quasi
1109 1546 1226 1597 euange-

293 1613 358 1665 lista
369 1613 536 1681 loqueretur.
547 1613 714 1668 Consonant
724 1616 818 1682 utique
829 1631 912 1669 uoces
923 1615 1060 1682 euangelii
1071 1617 1098 1668 et
1109 1614 1226 1682 prophe-

292 1699 390 1751 tarum.
411 1696 489 1761 Quid
507 1698 580 1752 enim
598 1698 666 1752 dicit
684 1699 857 1766 euangelista
876 1699 911 1753 de
932 1699 1041 1752 ludaeis
1061 1699 1134 1752 mala
1151 1698 1225 1765 cogi-

292 1781 435 1835 tantibus?
454 1781 590 1836 Dixerunt
608 1798 737 1850 namque:
756 1783 816 1836 Hic
833 1785 882 1836 est
898 1783 1001 1849 heres,
1019 1783 1128 1835 uenite
1144 1784 1257 1835 occi-⁶⁰

292 1866 403 1918 damus
420 1881 500 1933 eum,
517 1869 547 1920 et
563 1869 675 1920 nostra
692 1869 733 1919 sit
750 1868 913 1921 hereditas
930 1869 1006 1921 eius.
1025 1866 1119 1920 bonus
1136 1869 1222 1934 panis,

292 1949 381 2002 dulcis
393 1951 485 2017 panis:
497 1951 520 2003 si
532 1952 593 2018 quis
604 1951 677 2003 hunc
687 1967 786 2018 panem
797 1953 858 2004 toto
869 1950 1019 2003 comederit
1030 1950 1121 2016 corde,
1133 1952 1225 2017 potest

292 2033 493 2087 delectabiliter
507 2035 610 2088 dicere:
627 2034 728 2098 Quam
745 2035 852 2088 dulcia
868 2035 1018 2088 faucibus
1034 2025 1111 2086 meis
1127 2034 1225 2087 uerba

291 2118 354 2171 tua!
374 2133 470 2185 super
487 2119 547 2171 mel
566 2122 596 2173 et
614 2119 722 2172 fanum
740 2121 787 2172 ori
806 2135 883 2172 mec.
908 2118 936 2172 Si
955 2119 1001 2172 isti
1019 2118 1076 2171 duo
1093 2117 1223 2184 discipuli

292 2204 374 2256 istum
389 2218 489 2270 panem
503 2219 558 2257 non
573 2203 694 2270 ederent,
710 2205 736 2255 in
751 2203 942 2256 incredulitate
956 2204 1088 2270 perpetua
1102 2213 1254 2254 remane-os

247 2296 282 2332 tlt
292 2289 361 2340 rent.
375 2285 543 2339 Defecerant
554 2285 636 2352 fame,
649 2286 724 2353 pleni
736 2288 814 2338 erant
827 2282 831 2355 Ι
844 2286 953 2338 inediae
965 2284 1155 2338 amaritudine.
1168 2282 1221 2336 Sed

291 2372 437 2437 respondit
457 2371 513 2424 illis
533 2372 613 2438 panis
634 2375 769 2437 aeternus,
789 2373 817 2423 et
834 2371 916 2423 dixit:
937 2369 1055 2424 Gustate
1075 2373 1102 2423 et
1121 2370 1222 2435 uidete,

292 2456 423 2521 quoniam
438 2456 532 2507 suauis
546 2470 599 2521 ego
613 2470 673 2506 sum
688 2455 765 2507 deus.
779 2454 857 2520 Vere,
872 2455 936 2521 quia
950 2454 1028 2520 panis
1043 2469 1090 2506 cor
1103 2453 1223 2506 hominis

289 2537 448 2592 confirmat.
461 2538 556 2605 Fregit
565 2553 672 2605 panem,
683 2540 710 2590 et
720 2537 835 2590 abstulit
844 2537 1013 2591 caecitatem:
1024 2537 1113 2590 fames
1123 2538 1223 2590 satiata

290 2624 333 2675 est
341 2622 445 2688 cordiS,
456 2624 483 2675 et
491 2622 634 2688 disruptae
646 2624 710 2674 sunt
720 2620 838 2673 nebulae
848 2622 994 2674 caecitatis.
1230 2628 1254 2667 70

349 2719 374 2771 3.
388 2717 452 2771 Nisi
465 2718 656 2783 credidissent,
670 2720 724 2769 iam
738 2718 838 2770 melior
850 2717 905 2769 illis
919 2716 990 2769 latro
1003 2717 1084 2782 esset,
1099 2716 1145 2783 qui
1158 2718 1222 2769 tunc

288 2801 415 2867 credidit,
430 2801 541 2868 quando
553 2802 606 2868 ipsi
619 2801 788 2854 defecerunt.
802 2800 884 2853 Latro
896 2802 969 2853 enim
980 2815 1051 2853 uuus
1064 2800 1099 2852 de
1111 2799 1221 2853 duobus

288 2901 345 2938 non
357 2886 525 2951 contempsit
537 2884 679 2937 dominum
692 2884 795 2951 pariter
807 2884 977 2949 crucifixum,
990 2883 1040 2936 sed
1053 2899 1144 2936 secum
1157 2899 1221 2950 pen-

288 2968 400 3021 dentem
417 2967 565 3021 confessus
583 2970 626 3021 est
644 2967 794 3021 Christum.
814 2966 937 3030 Quando
955 2967 1032 3019 illum
1050 2968 1141 3034 potuit
1158 2983 1221 3019 con-

288 3055 418 3118 temnere,
434 3053 498 3104 tunc
513 3053 540 3104 in
556 3051 634 3104 illum
649 3051 774 3104 credidit.
792 3050 936 3103 Pendebat
951 3052 978 3103 in
994 3050 1088 3103 medio¹
1102 3050 1220 3103 duorum
1228 3063 1251 3099 75

289 3136 439 3189 latronum:
457 3150 527 3189 unus
546 3135 705 3201 insultabat,
724 3135 794 3188 alius
811 3135 953 3189 credebat:
971 3136 1074 3201 etipse
1091 3134 1126 3187 dc
1143 3150 1220 3187 cruce

287 3221 428 3286 tamquam
444 3218 480 3271 de
495 3217 633 3271 tribunale
649 3219 721 3270 inter
736 3218 833 3271 ambos
850 3217 997 3271 iudicabat.
1015 3216 1092 3280 Quid
1108 3217 1133 3270 ei
1150 3217 1220 3269 dixit

288 3304 360 3357 latro
376 3303 443 3356 ille?
459 3302 604 3370 Domine,
621 3306 777 3359 memento
792 3304 863 3368 mei,
879 3318 946 3355 cum
961 3303 1089 3354 ueneris
1106 3302 1135 3353 in
1151 3317 1219 3368 reg-

288 3403 358 3440 num
381 3389 475 3441 tuum.
497 3386 618 3441 Videbat
638 3387 809 3454 crucifixum,
832 3389 859 3439 et
881 3386 1011 3454 sperabat
1033 3387 1218 3453 regnaturum.

288 3507 339 3559 188
