2819 4040
366 465 444 538 DE
463 463 672 538 TERTIA
690 463 862 540 Funus
881 464 1160 540 DASCHAE

445 606 509 659 odie
523 608 620 660 tertius
633 607 692 660 dies
707 610 806 677 agitur,
820 626 853 662 ex
866 624 921 676 quo
933 607 1057 675 gloriosa
1070 607 1232 661 solemnitas

156 696 284 776 {ffifflg
454 691 620 757 celebratum
642 691 704 744 licet
723 708 833 760 semper
852 693 952 746 habeat
972 693 1053 745 istam
1074 691 1232 745 solemnita-

454 778 510 829 tem
519 776 695 843 christianus,
705 777 818 844 quando
829 779 853 831 ei
865 793 919 831 non
929 776 1089 830 dominatur
1098 779 1232 843 tyrannus

456 861 590 914 inimicus,
607 859 774 914 Audiuimus
790 862 875 915 modo
891 864 918 916 in
934 861 1088 928 euangeli0,
1105 877 1138 914 eo
1155 860 1251 928 quods

299 944 410 997 duobus
428 945 573 1013 discipulis
590 945 796 999 ambulantibus
814 948 842 1000 in
859 949 904 1001 uia
922 947 1050 1015 apparuit
1065 947 1112 998 uia
1127 946 1230 999 ueritas

299 1029 326 1080 et
339 1030 404 1082 uita.
424 1027 531 1081 Tristes
545 1029 705 1096 pergebant,
720 1031 784 1097 quia
798 1031 914 1084 necdum
929 1029 1071 1085 Christum
1084 1046 1100 1082 a
1113 1030 1230 1082 mortuis

298 1114 481 1165 resurrexisse
493 1113 652 1167 credebant.
667 1112 876 1167 Fabulabantur
889 1117 916 1168 et
929 1114 1115 1182 implebantur
1127 1129 1230 1167 sermo·

235 1252 238 1259 ,
299 1196 388 1263 nibus,
401 1197 584 1264 quoadusque
594 1199 700 1250 ueniret
711 1198 860 1251 uirtutibus
872 1200 980 1266 plenus.
994 1198 1038 1251 Fit
1048 1213 1140 1251 comes
1152 1197 1230 1250 itine-

298 1281 343 1346 riS,
358 1282 404 1347 qui
417 1282 553 1348 integram
565 1281 696 1348 portabat
709 1283 850 1335 materiam
863 1284 997 1350 corporis
1010 1280 1143 1336 Ostendit
1155 1281 1228 1335 uiam
1238 1295 1262 1332 ro

298 1365 356 1417 siue
374 1366 628 1432 interpretationem
645 1365 757 1418 diuinae
775 1365 853 1432 legis
871 1365 933 1429 Qui
950 1369 1023 1419 sunt
1040 1366 1094 1419 isti
1111 1380 1229 1419 sermo-

298 1465 364 1516 nes,
385 1465 464 1517 quos
485 1447 642 1501 confertis
663 1450 701 1503 ad
721 1451 869 1517 inuicem,
888 1453 916 1504 et
935 1451 1083 1504 mestitiam
1103 1449 1229 1517 intelligo

295 1534 471 1600 grauiorem?
503 1533 592 1588 Dicite
615 1535 682 1588 milri
706 1535 782 1588 istud
804 1535 910 1588 tedium
933 1538 1067 1588 uestrum:
1098 1534 1227 1588 forsitam

297 1617 443 1670 inuenietis
460 1618 593 1685 gaudium
609 1634 747 1685 magnum.
765 1618 860 1671 Nolite
876 1617 953 1671 uelut
969 1618 1115 1685 peregrino
1130 1616 1228 1683 celare,

296 1701 370 1754 unde
380 1713 433 1754 uos
443 1701 526 1754 uideo
534 1705 679 1755 sermones
690 1703 826 1767 emittere;
837 1718 871 1754 ne
882 1702 956 1755 forte
967 1703 1038 1754 intra
1048 1716 1100 1754 uos
1110 1701 1228 1754 retinen·
1237 1716 1259 1753 15

295 1785 337 1837 tes
352 1786 575 1853 taciturnitatem,
590 1786 758 1838 damnemini
774 1786 808 1839 de
823 1788 916 1839 uestra
931 1785 1130 1838 incredulitate.
1147 1783 1227 1838 Prae·

296 1869 385 1921 sentia
400 1885 461 1922 mea
475 1870 526 1922 erit
540 1870 697 1923 consolatio
712 1872 815 1922 uestra:
831 1871 972 1923 comitatio
988 1870 1060 1922 enim
1075 1884 1135 1921 mea
1151 1868 1227 1921 laeti·

295 1952 363 2005 ficat
378 1954 497 2006 animam
511 1956 643 2019 uestram;
658 1954 831 2020 deponentes
845 1955 994 2020 tristitiam,
1009 1954 1146 2020 recipietis
1161 1968 1227 2021 gau-

294 2035 341 2088 dia
354 2038 530 2105 sempiterna.
545 2037 581 2091 Et
594 2037 645 2090 illi:
659 2037 704 2090 Tu
717 2038 806 2091 solus
820 2039 1038 2105 peregrinaris
1052 2038 1090 2091 ab
1104 2037 1227 2091 lerusa·

295 2119 366 2186 lem,
382 2121 412 2173 et
427 2122 532 2173 nescis
547 2121 624 2187 quid
640 2121 671 2173 in
686 2137 722 2173 ea
736 2122 876 2188 contigit
890 2121 939 2173 his
954 2120 1088 2174 diebus?
1104 2120 1142 2173 Et
1157 2120 1225 2173 ille:
1234 2133 1258 2170 20

294 2202 403 2266 Quae?
424 2202 470 2256 De
490 2204 560 2257 lesu
580 2204 761 2271 Nazaren0,
781 2207 834 2272 qui
854 2204 918 2258 luit
936 2204 1093 2272 propheta
1111 2207 1225 2272 potens

294 2288 325 2340 in
345 2287 454 2341 factis:
474 2289 635 2355 quomodo
655 2304 723 2342 eum
744 2288 854 2341 ludaei
873 2288 1115 2354 crucifixerunt,
1136 2304 1225 2356 quem

293 2372 511 2425 resurrexisse
536 2375 692 2426 asserunt.
717 2371 783 2425 Nos
807 2387 884 2425 uero
908 2372 1126 2439 sperabamus,
1152 2372 1225 2438 quia

293 2456 362 2523 ipse
387 2457 455 2508 erat
479 2455 678 2510 redemturus
705 2455 835 2510 Israhel.
860 2454 887 2510 Ο
911 2456 1048 2523 discipuli,
1073 2471 1140 2523 ergo
1164 2470 1225 2522 spe-

293 2539 406 2607 rabatis,
424 2541 478 2593 iam
495 2556 550 2593 non
567 2540 711 2608 speratis?
722 2538 749 2594 O
765 2540 836 2593 duri
852 2540 948 2593 corde
964 2539 1003 2592 ad
1019 2539 1256 2606 credendum‚25

293 2638 374 2691 quem
384 2623 537 2691 prophetae
547 2625 780 2677 annuntiauerunt
789 2626 944 2690 uenturum,
955 2626 982 2676 et
991 2639 1043 2691 pro
1052 2625 1138 2677 totius
1148 2638 1225 2676 mun·

248 2718 283 2757 ou
292 2707 322 2759 di
345 2710 465 2775 peccatis
486 2704 674 2778 moriturum!
692 2711 720 2761 et
741 2708 787 2761 die
808 2710 889 2761 tertia
911 2708 1137 2761 resurrecturum!
1169 2707 1225 2760 lam

293 2807 354 2844 non
372 2791 520 2845 turbetur
536 2807 589 2845 cor
605 2794 755 2845 uestrum.
774 2791 908 2845 Mulieres
927 2792 1033 2858 integre
1050 2791 1131 2845 uobis
1149 2790 1224 2843 dixe-

292 2878 363 2942 runt,
377 2891 434 2929 non
447 2875 593 2929 falluntur:
607 2876 746 2930 ambulate
760 2878 847 2929 securi
860 2877 949 2942 citius,
963 2877 990 2929 et
1002 2892 1053 2928 uos
1068 2875 1223 2943 agnoscetis

292 2959 383 3012 tilium
401 2960 455 3014 dei.
1230 2970 1255 3006 ao

350 3045 375 3097 2.
389 3043 497 3110 Videte,
511 3043 683 3097 dilectissimi
697 3044 806 3111 iratres,
821 3039 912 3096 firmis
925 3043 1068 3111 gressibus
1082 3042 1223 3096 ambulan-

290 3128 354 3194 tem,
371 3128 522 3195 scripturas
538 3129 771 3195 interpretantem,
787 3128 902 3180 uerbum
919 3128 1071 3195 sapientiae
1087 3126 1222 3179 seminan-

241 3201 243 3204 ’
290 3212 354 3266 tem.
376 3210 419 3264 llli
437 3226 506 3265 uero
523 3211 607 3265 talem
625 3212 767 3266 doctorem
785 3213 911 3265 ueritatis
930 3210 1056 3264 nolentes
1075 3210 1222 3277 dimittere,

291 3296 368 3348 aiunt
387 3296 423 3349 ei:
443 3295 538 3349 Mane
558 3296 734 3364 nobiscum,
756 3297 905 3364 quoniam
925 3296 964 3349 ad
983 3310 1151 3363 uesperum
1169 3293 1222 3346 de-

288 3379 424 3433 clinauit
444 3381 523 3434 dies.
543 3379 691 3435 Concessit
710 3396 792 3435 uerus
811 3381 880 3447 dies,
901 3396 950 3448 per
969 3395 1050 3448 quem
1069 3379 1159 3432 tactus
1180 3380 1253 3432 estas

291 3497 343 3556 190
