2819 4040
661 297 679 335 S.
694 298 798 346 Augustini
812 299 904 336 tractatus

333 420 430 483 tarem;
450 419 517 471 nihil
536 421 575 472 eis
593 435 672 472 curae
692 422 736 486 sit,
756 422 817 487 quis
837 422 998 488 peregrinus
1016 421 1043 471 in
1062 422 1123 472 uico
1142 421 1186 485 sit,
1205 421 1266 487 quis

333 505 412 569 egeat
429 520 508 570 pane,
525 506 586 570 quis
603 504 776 571 indumenta
794 508 855 573 quis
872 505 1036 570 uisitandns,
1054 505 1115 571 quis
1132 504 1266 556 redimen-

333 588 393 654 dus,
409 590 469 654 quis
483 589 671 655 sepeliendus:
684 592 784 642 uacent
797 606 883 658 opera
897 588 1109 654 misericordiae,
1123 590 1170 641 uni
1184 588 1266 641 inste-

330 675 376 724 tur
388 674 527 726 scientiae.
542 672 569 725 Si
584 675 683 726 melior
695 690 760 741 pars
774 678 824 741 est,
839 691 923 743 quare
935 688 992 727 ‘non
1006 689 1102 725 omnes
1117 674 1265 738 ar<r>ipi-

332 772 395 820 mus
419 758 531 825 quando
547 761 638 825 ipsum
654 758 798 812 dominum
816 762 843 812 in
860 761 909 813 hac
924 775 1006 812 causa
1022 761 1168 825 patronum
1184 757 1298 811 habe-o

331 842 406 893 mus?
433 843 496 895 Non
520 845 591 896 enim
615 846 743 896 timemus
768 846 795 896 in
819 845 869 898 hac
893 862 921 897 re
945 860 978 896 ne
1000 843 1182 896 offendamus
1205 844 1264 895 eius

332 928 473 992 iustitiam,
489 942 549 979 cum
565 930 710 994 patronam
726 930 869 982 teneamus
885 930 944 982 eius
960 928 1132 980 sententiam.

391 1024 415 1077 3.
432 1023 467 1075 Et
480 1026 571 1076 tamen
586 1025 624 1076 ita
639 1040 694 1076 non
709 1026 762 1076 est:
778 1025 828 1077 sed
843 1027 912 1078 sicut
926 1026 996 1077 dixit
1010 1023 1147 1089 dominus
1162 1026 1200 1075 ita
1214 1025 1264 1076 est.

330 1105 484 1173 Quomodo
496 1107 644 1174 intellegis
655 1123 711 1159 non
722 1109 775 1160 est:
788 1110 830 1160 est
842 1111 941 1174 autem,
953 1107 1093 1175 quomodo
1105 1107 1265 1173 intellegere

331 1191 443 1244 debeas,
465 1190 534 1243 Eece
547 1191 668 1244 aduerte.
690 1190 785 1244 Circa
799 1193 899 1245 multa
913 1208 945 1244 es
959 1194 1124 1258 occupata,
1139 1191 1296 1256 quandoo

331 1290 424 1327 unum
444 1277 492 1327 est
509 1276 733 1329 necessarium.
758 1274 863 1328 Maria
882 1277 1045 1328 meliorem
1064 1277 1184 1341 partem
1203 1275 1265 1326 ele-

331 1360 389 1424 git:
402 1374 457 1410 non
468 1361 497 1411 tu
508 1360 617 1425 malam,
629 1359 679 1411 sed
691 1360 745 1410 ista
756 1358 907 1412 meliorem.
920 1359 1003 1411 Unde
1014 1358 1174 1412 meliorem?
1191 1356 1265 1419 Quia

331 1445 361 1495 tu
378 1445 449 1495 circa
467 1443 561 1509 multa,
580 1443 628 1495 illa
646 1444 717 1495 circa
736 1458 828 1496 unum.
856 1442 1040 1511 Praeponitur
1057 1459 1140 1496 unum
1159 1442 1264 1495 multis:

332 1544 387 1580 non
407 1529 480 1580 enim
500 1544 514 1579 a
534 1526 627 1580 multis
647 1543 740 1593 unum,
762 1527 812 1579 sed
832 1527 918 1580 multa
938 1528 972 1579 ab
992 1543 1055 1580 uno,
1082 1527 1172 1579 Multa
1192 1528 1264 1592 sunt,

332 1626 401 1677 quae
423 1610 497 1663 lacta
517 1612 592 1674 sunt;
613 1625 692 1676 unuS,
715 1611 761 1676 qui
784 1610 858 1663 lecit.
887 1610 1012 1676 Caelum,
1033 1613 1113 1675 terra,
1134 1625 1216 1675 mare,
1238 1612 1297 1662 etro

332 1696 424 1747 omnia
441 1710 509 1762 quae
525 1696 551 1746 in
568 1695 635 1761 ipsis
651 1696 723 1761 sunt,
739 1709 821 1761 quam
836 1695 923 1746 multa
938 1694 1013 1746 sunt!
1029 1695 1089 1759 quis
1105 1695 1158 1745 ista
1172 1709 1265 1746 nume·

332 1779 391 1831 ret?
414 1780 475 1845 quis
497 1779 595 1830 horum
618 1778 823 1831 multitudinem
846 1778 968 1845 cogitet?
997 1775 1068 1839 Quis
1091 1777 1157 1829 haec
1179 1777 1265 1830 lecit?

240 1876 274 1914 ror.
289 1861 371 1914 uslit
388 1862 467 1914 fecit
483 1863 561 1915 deus
578 1864 694 1928 omnia,
712 1864 742 1914 et
760 1878 829 1915 ecce
846 1857 1062 1919 bonallualde.
1088 1860 1165 1913 Rona
1181 1860 1264 1913 ualde

331 1961 400 2012 quae
417 1946 494 1999 lecit:
510 1949 614 2013 quanto
631 1946 729 1999 melior
746 1946 793 1998 ille
809 1947 856 2013 qui
873 1945 957 1998 lecit?
978 1945 1164 1998 'Attendamus
1180 1945 1264 2011 igitur

330 2032 524 2097 occupationes
542 2033 651 2083 nostras
668 2033 739 2083 circa
756 2031 850 2084 multa.
889 2031 1076 2083 Ministerium
1095 2027 1264 2080 necessarium
1272 2044 1295 2081 55

329 2118 371 2167 est
380 2130 497 2182 corpora
507 2115 660 2169 refecturis,
676 2114 773 2181 Quare
784 2116 854 2168 hoe?
865 2114 940 2178 Quia
950 2117 1075 2180 esuritur,
1088 2116 1151 2181 quia
1162 2115 1262 2167 sititur.

330 2200 525 2253 Misericordia
546 2201 671 2253 miseriae
691 2201 847 2252 necessaria
867 2201 917 2253 est.
947 2199 1063 2265 Frangis
1085 2214 1183 2265 panem
1204 2213 1263 2250 esu-

330 2284 419 2349 rienti,
443 2284 507 2350 quia
530 2284 659 2336 inuenisti
683 2286 858 2336 esurientem.
886 2282 968 2336 Tolle
991 2283 1102 2349 tamem,
1125 2283 1148 2334 si
1171 2284 1263 2349 potes:

330 2370 372 2420 cui
401 2368 508 2434 frangis
537 2369 654 2435 panem?
681 2367 763 2421 Tolle
791 2369 1052 2435 peregrinationem:
1080 2368 1122 2420 cui
1150 2367 1263 2420 exhibes

190 2471 309 2500 earserusnon
331 2452 567 2519 hospitalitatem?
599 2452 681 2504 Tolle
707 2452 872 2504 nuditatem:
898 2453 939 2504 cui
966 2467 1114 2518 praeparas
1139 2452 1295 2504 neaeman

177 2519 395 2597 aarafflopaanNon
429 2538 464 2588 sit
495 2537 651 2602 aegritudo:
684 2552 764 2602 quem
796 2536 914 2588 uisitas?
946 2535 1010 2588 Non
1039 2537 1074 2587 sit
1105 2536 1262 2601 captiuitas:

331 2634 411 2686 quem
445 2620 576 2672 redimis?
610 2619 673 2671 Non
708 2621 744 2672 sit
776 2621 846 2672 rixa:
880 2635 960 2686 quem
993 2619 1165 2672 concordas?
1199 2618 1263 2671 Non

330 2704 365 2756 sit
385 2719 471 2756 mors:
492 2720 571 2771 quem
592 2705 712 2771 sepelis?
740 2704 771 2757 ln
791 2704 841 2756 illo
862 2704 972 2757 saeculo
993 2704 1087 2756 tuturo
1108 2719 1163 2756 non
1184 2707 1263 2756 erunt

329 2790 382 2840 ista
398 2789 481 2840 mala:
498 2804 564 2855 ergo
580 2805 628 2841 nec
644 2791 696 2841 ista
712 2789 873 2841 ministeria.
893 2787 965 2840 Bene
982 2803 1049 2854 ergo
1065 2787 1177 2840 Martha
1192 2788 1262 2839 circa

328 2873 500 2939 corporalem
523 2873 746 2939 domini—quid
768 2874 857 2925 dicam
880 2874 982 2938 neseio,
1005 2873 1204 2936 necessitatem,
1228 2887 1261 2923 an
1270 2884 1293 2922 65

328 2957 508 3022 uoluntatem,
530 2973 563 3009 an
584 2958 756 3010 necessitatis
776 2957 967 3009 uoluntatem?
994 2956 1168 3008 ministrabat
1187 2956 1261 3007 carni

329 3042 447 3094 mortali.
469 3040 523 3093 Sed
538 3042 597 3106 quis
612 3044 670 3094 erat
684 3043 711 3093 in
725 3056 807 3093 carne
822 3040 951 3093 mortali?
973 3039 1006 3091 ln
1021 3040 1180 3106 principio
1195 3041 1262 3090 erat

327 3123 464 3186 Verbum,
482 3127 510 3175 et
524 3123 656 3178 Verbum
674 3128 742 3178 erat
759 3124 837 3192 apud
853 3126 952 3190 deum,
971 3129 1001 3178 et
1018 3126 1095 3178 deus
1114 3127 1181 3177 erat
1196 3123 1261 3175 Ver·

329 3212 407 3263 bum.
436 3210 505 3263 Ecce
524 3211 599 3276 quod
618 3210 709 3262 Maria
729 3210 868 3262 audiebat.
896 3210 1031 3262 Verbum
1051 3226 1123 3262 caro
1143 3210 1261 3263 tactum

327 3298 386 3360 est,
404 3297 433 3347 et
450 3295 609 3347 habitauit
626 3296 655 3346 in
673 3295 777 3347 nobis¹
804 3294 872 3347 Ecce
889 3294 1000 3346 Martha
1017 3295 1059 3346 cui
1077 3295 1259 3347 ministrabat.
1269 3307 1293 3345 ro

330 3379 411 3445 Ergo
425 3378 529 3432 Maria
543 3380 706 3431 meliorem
721 3381 841 3445 partem
855 3379 962 3445 elegit,
977 3383 1007 3432 et
1021 3394 1082 3431 non
1096 3379 1261 3432 auferetur

329 3498 378 3550 120
