2819 4040
635 364 653 404 8.
663 363 767 414 Augustini
779 365 870 403 tractatus
884 365 897 403 l.

297 488 395 557 Quid?
417 484 496 543 filius
515 490 559 543 dei
579 491 675 543 unicus
695 490 826 543 dominus
847 492 941 543 noster
959 487 1127 543 crucifixus?
1152 487 1231 542 filius

298 574 343 626 dei
360 574 456 627 unicus
473 574 604 627 dominus
621 577 716 628 noster
732 575 878 641 sepultus?
901 573 996 627 Homo
1012 571 1161 626 crucifixus
1178 574 1277 626 esum

297 658 366 711 deus
381 674 438 710 non
451 660 493 711 est
506 660 636 724 mutatus,
650 658 720 711 deus
734 674 790 711 non
803 662 846 712 est
858 659 972 719 occisus
992 658 1018 708 et
1033 659 1125 709 tamen
1139 671 1232 709 secun-

299 742 364 794 dum
380 742 520 795 hominem
535 743 653 796 occisus:
669 741 700 795 Si
716 743 798 795 enim
812 742 1053 809 cognouissent,
1069 740 1107 793 ait
1122 740 1232 806 aposto-

299 824 350 891 lus,
365 840 532 892 numquam
546 826 709 879 dominum
722 826 848 894 gloriae
861 827 1112 880 crucifixissent.
1135 822 1170 879 Et
1183 825 1233 879 do·

298 912 401 963 minum
416 911 523 978 gloriae
537 910 669 977 ostendit,
684 913 711 963 et
724 910 887 964 crucifixum
901 909 1048 963 confessus
1062 911 1115 962 est:
1131 909 1194 976 quia
1209 909 1232 960 si

254 995 359 1060 nmquis
378 995 461 1047 etiam
479 997 555 1047 tuam
573 995 693 1047 tunicam
713 994 811 1047 illaesa
828 1011 909 1048 carne
927 997 975 1046 tua
993 994 1165 1059 conscindat,
1176 989 1275 1062 ltibins

298 1077 366 1131 facit
381 1079 520 1143 iniuriam3
540 1094 588 1131 nec
604 1079 643 1131 sic
658 1080 761 1131 clamas
778 1094 829 1145 pro
845 1082 923 1132 ueste
938 1080 993 1143 tua,
1010 1079 1040 1130 ut
1055 1078 1139 1144 dicas
1156 1076 1231 1131 Con·

297 1162 404 1215 scidisti
422 1164 543 1215 tunicam
561 1179 658 1229 meam,
677 1164 735 1229 sed,
756 1162 928 1216 Conscidisti
946 1178 997 1228 me,
1016 1162 1160 1228 dissipasti
1180 1177 1230 1226 me,

144 1246 349 1326 fflffissssgffls‘gffitila
366 1247 401 1300 de
417 1263 460 1299 me
477 1247 578 1299 fecisti.
602 1246 735 1314 Loqueris
752 1248 806 1300 ista
822 1249 937 1314 integer,
955 1249 982 1299 et
997 1261 1093 1299 uerum
1110 1247 1187 1311 dicis,
1205 1246 1231 1298 et

144 1344 227 1375 eruimus
239 1345 254 1374 et
266 1353 289 1374 se·
297 1331 331 1382 de
342 1347 423 1383 carne
432 1333 479 1384 tua
490 1330 558 1384 nihil
569 1331 690 1383 detraxit
700 1331 746 1398 qui
757 1330 846 1385 laesit.
863 1330 907 1384 Sic
918 1334 945 1383 et
954 1330 1085 1383 dominus
1101 1328 1231 1383 Christus

186 1393 243 1430 mum
296 1414 445 1468 crucifixus
459 1417 508 1468 est.
528 1414 667 1468 Dominus
680 1418 729 1481 est,
743 1416 840 1468 unicus
853 1416 924 1481 patri
937 1416 987 1479 est,
1001 1414 1125 1466 saluator
1137 1414 1232 1465 noster
1240 1425 1274 1462 120

296 1500 346 1563 est,
362 1498 492 1551 dominus
506 1499 613 1565 gloriae
628 1502 681 1551 est:
697 1501 789 1551 tamen
803 1499 952 1551 crucifixus
968 1500 1018 1563 est,
1034 1497 1083 1549 sed
1099 1498 1230 1562 incarne,

296 1583 323 1633 et
340 1581 465 1647 sepultus
482 1583 510 1634 in
527 1580 589 1634 sola
604 1598 694 1635 carne.
712 1581 784 1635 Nam
800 1582 848 1634 ubi
865 1582 990 1649 sepultus
1007 1584 1057 1647 est,
1074 1583 1101 1633 et
1118 1580 1243 1648 quando

296 1664 422 1730 sepultus
440 1666 489 1730 est,
506 1660 571 1718 tunc
588 1665 626 1718 ibi
644 1681 692 1718 nec
710 1666 801 1718 anima
818 1665 881 1731 fuit,
899 1665 960 1717 sola
976 1680 1040 1717 caro
1058 1666 1085 1716 in
1103 1665 1229 1731 sepulcro

297 1748 413 1801 iacebat:
432 1750 460 1801 et
473 1750 565 1801 tamen
580 1747 725 1801 confiteris
742 1749 845 1803 lesum
861 1749 1025 1802 Christum
1040 1748 1147 1801 lilium
1162 1749 1230 1801 eius

295 1833 421 1885 unicum
442 1832 605 1885 dominum
625 1835 780 1898 nostrum,
800 1835 853 1899 qui
875 1835 967 1886 natus
988 1834 1036 1886 est
1056 1833 1094 1885 de
1114 1834 1273 1900 spirituus

296 1918 408 1969 sancto
422 1920 452 1970 et
465 1918 591 1984 uirgine
605 1916 717 1970 lttlaria.
734 1915 826 1984 Quis?
842 1917 918 1970 lesus
930 1916 1068 1983 Christus,
1082 1918 1179 1969 unicus
1196 1915 1230 1969 ii-

295 2001 348 2053 lius
364 2001 418 2066 det,
434 2001 566 2054 dominus
582 2003 684 2055 noster.
705 2000 768 2054 Sub
785 1999 903 2054 Pontio
921 2000 1028 2055 Pilato
1043 1999 1228 2054 crucifixus.

294 2083 386 2146 Quis?
403 2083 480 2136 lesus
494 2083 632 2151 Christus,
646 2085 742 2137 unicus
756 2084 801 2138 dei
815 2085 902 2151 lilius
916 2085 1046 2137 dominus
1061 2088 1163 2137 noster.
1180 2084 1229 2137 rEt

296 2168 451 2236 sepultus.
470 2167 562 2231 Quis?
581 2168 657 2221 lesus
673 2167 811 2235 Christus,
826 2170 922 2222 unicus
937 2169 982 2222 dei
998 2167 1084 2235 filius,
1100 2168 1230 2222 dominus

294 2254 397 2306 noster.
415 2251 481 2305 Sola
493 2268 558 2305 caro
571 2254 649 2319 iacet,
663 2254 690 2306 et
702 2255 732 2305 tu
744 2253 814 2305 dicis
828 2251 985 2319 „Dominus
999 2252 1133 2306 noster“?
1150 2250 1229 2318 Dico,
1239 2269 1274 2306 rao

294 2337 376 2404 plane
387 2337 463 2390 dico:
478 2338 542 2404 quia
553 2340 659 2390 uestem
671 2339 788 2403 intueor,
800 2339 828 2390 et
838 2338 970 2390 uestitum
982 2337 1078 2390 adoro.
1094 2335 1169 2390 Caro
1181 2336 1229 2389 illa

294 2420 369 2472 illius
382 2422 577 2473 uestimentum
591 2421 655 2473 fuit:
670 2422 734 2487 quia
746 2436 813 2473 cum
826 2423 856 2473 in
870 2421 974 2474 forma
988 2421 1039 2474 dei
1055 2423 1152 2485 esset,
1166 2437 1228 2474 non

295 2505 439 2571 rapinam
457 2505 634 2558 arbitratus
651 2506 785 2558 estesse
803 2505 948 2571 aequalis
965 2505 1037 2569 deo,
1055 2505 1112 2557 sed
1129 2507 1228 2557 semet

294 2589 396 2655 ipsum
409 2589 598 2655 exinaniuit,
612 2590 747 2641 formam
759 2591 844 2641 serui
858 2590 1029 2656 accipiens
1042 2604 1098 2641 non
1109 2588 1229 2642 formam

294 2671 339 2724 dei
363 2672 499 2738 amittens,
521 2673 551 2724 in
572 2673 786 2724 similitudine
808 2672 969 2725 hominum
990 2672 1107 2738 factus
1127 2673 1272 2727 etha-135

293 2754 362 2806 bitu
377 2756 528 2808 inuentus
542 2758 575 2808 ut
588 2756 690 2809 homo.

352 2839 377 2892 5.
394 2838 459 2891 Non
473 2841 681 2892 contemnamus
695 2840 783 2893 solam
798 2856 919 2892 carnem:
934 2840 1046 2906 quando
1059 2840 1149 2904 iacuit,
1162 2841 1227 2893 tunc

293 2938 345 2975 nos
361 2923 435 2976 emit.
452 2921 548 2989 Quare
564 2939 615 2976 nos
631 2924 716 2977 emit?
733 2922 808 2989 Quia
824 2940 880 2977 non
896 2939 1004 2990 semper
1020 2923 1113 2976 iacuit:
1131 2925 1228 2976 tertia

293 3009 365 3059 enim
380 3007 431 3060 die
445 3010 622 3061 resurrexit
636 3026 651 3061 a
668 3010 812 3062 mortuis,
831 3009 894 3062 Hoc
908 3009 1032 3075 sequitur
1045 3010 1073 3061 in
1087 3008 1226 3075 symbol0;

292 3108 353 3144 cum
368 3091 492 3145 confessi
507 3092 642 3145 fuerimus
657 3095 716 3145 eius
732 3094 900 3160 passionem,
915 3092 1083 3145 confitemur
1098 3094 1125 3145 et
1140 3107 1228 3145 resur·
1240 3112 1275 3149 no

140 3191 157 3220 u
171 3190 242 3228 passione
255 3189 283 3220 ‹10-
291 3175 449 3229 rectionem.
468 3175 498 3228 ln
512 3177 642 3242 passione
655 3176 722 3243 quid
735 3176 811 3243 egit?
826 3177 921 3229 docuit
934 3176 1001 3243 quid
1013 3176 1173 3229 toleremus,
1195 3174 1225 3228 ln

140 3239 171 3268 cuit
180 3239 218 3276 quid
229 3238 283 3268 tolere-

140 3260 492 3324 mus‚mremresurrectione
508 3259 575 3325 quid
590 3260 666 3326 egit?
684 3261 807 3312 ostendit
823 3260 889 3327 quid
905 3275 1055 3327 speremus,
1076 3259 1130 3313 Hic
1145 3274 1225 3326 opus,

139 3335 330 3394 fi⁰¹¹²‘³¹¹³‘¹³¹'⁸“³·ibi
347 3358 461 3394 merces:
481 3357 552 3409 opus
568 3344 595 3394 in
611 3345 750 3410 passione,
766 3358 869 3396 merces
885 3345 913 3396 in
929 3344 1136 3397 resurrectione.
1160 3342 1226 3409 Nec,

192 3393 231 3415 mus.

292 3427 356 3493 quia
372 3428 522 3480 resurrexit
537 3443 553 3479 a
572 3428 697 3494 mortum,
713 3428 756 3480 hic
772 3429 914 3481 remansit:
934 3427 984 3481 sed
1001 3428 1068 3496 quid
1084 3427 1227 3496 sequitur?

294 3545 312 3597 4
