2819 4040
386 303 445 342 XXII.
459 300 489 341 De
502 303 565 342 natale
579 303 639 342 sancti
653 304 743 344 iohannis
757 304 854 355 Baptistae

124 440 148 478 45
156 426 193 480 ad
204 427 338 484 ultimum.
358 429 409 483 Est
420 429 459 481 ibi
473 428 618 496 lohannes,
631 430 681 484 sed
692 431 871 499 euangelista,
884 447 939 485 non
951 429 1085 498 baptista:

155 511 208 564 iste
221 527 288 579 ergo
301 515 434 581 quantum
447 512 484 565 ad
497 511 645 566 humanum
659 518 799 583 aspectum
812 515 964 583 discipulus
979 513 1085 570 Christi

155 610 212 648 non
229 598 294 664 erat,
311 597 396 650 immo
412 611 478 649 suos
495 597 578 649 etiam
595 598 654 664 ipse
671 598 775 653 Christi
790 601 915 666 tempore
931 599 1085 667 discipulos

154 678 312 747 colligebat.
330 679 457 748 Denique
467 678 563 733 ludaei
573 679 608 734 de
618 680 760 749 discipulis
773 683 904 738 iohannis
914 683 1086 739 insultabant

154 760 298 831 discipulis
318 763 433 831 Christi,
451 765 478 816 et
495 764 740 835 calumniabantur,
760 768 894 821 dicentes:
914 766 1019 831 Quare
1037 766 1084 820 di-

122 846 270 913 soseipuli
291 846 444 901 iohannis
463 848 616 915 ieiunant,
635 852 666 904 et
685 850 839 919 discipuli
858 853 903 904 tui
923 868 985 904 non
1005 853 1084 905 ieiu-

153 931 248 984 nant?
273 930 405 984 Habebat
422 930 575 998 discipulos
595 931 730 1001 Christus,
749 935 869 988 habebat
887 937 914 988 et
933 934 1081 988 lohannes:

152 1012 313 1081 baptizabat
328 1014 474 1081 lohannes,
487 1015 646 1082 baptizabat
659 1021 685 1070 et
699 1017 836 1073 Christus,
858 1018 888 1071 ln
902 1019 973 1071 natis
987 1019 1082 1071 mulie-

152 1111 212 1149 rum
229 1099 271 1151 est
286 1099 351 1165 quia
367 1114 448 1151 nemo
465 1097 618 1173 exsurrexit
633 1103 720 1155 maior
738 1102 860 1156 Iohanne
876 1102 1008 1169 baptista:
1031 1102 1081 1154 sed

151 1182 243 1234 tamen
256 1183 334 1250 quasi
347 1183 471 1236 aemulus
482 1183 617 1251 colligens
629 1185 789 1254 discipulos
803 1187 881 1254 quasi
893 1188 989 1240 contra
1001 1185 1081 1239 Chri-

119 1277 143 1314 55
155 1267 235 1333 stum,
257 1266 307 1338 sed
325 1267 417 1320 tamen
438 1283 489 1334 pro
510 1266 631 1323 Christo.
657 1268 732 1336 Quia
751 1272 807 1323 tam
828 1284 944 1338 magnus
964 1273 1030 1336 erat,
1050 1271 1081 1321 ut

151 1347 281 1403 Christus
294 1353 384 1418 putari
396 1354 500 1418 posset,
513 1355 572 1419 ipse
584 1353 680 1407 debuit
693 1353 807 1407 Christo
819 1354 1008 1406 testimonium
1020 1368 1080 1420 per·

150 1432 252 1489 hibere.
279 1432 333 1488 Cui
351 1434 477 1503 perhibet
495 1437 683 1491 testimonium
702 1452 825 1490 summus
844 1436 937 1503 homo,
956 1436 1019 1502 plus
1038 1437 1080 1489 est
1106 1459 1215 1496 cainiana

150 1532 231 1584 quam
251 1517 344 1572 homo,
370 1518 435 1572 Non
455 1534 515 1573 sum
536 1522 611 1587 quod
630 1522 743 1587 putatis,
770 1518 853 1573 Certe
874 1533 990 1586 rnagnus
1010 1534 1079 1586 sum,
1096 1507 1222 1591 ,ffissffi

148 1604 179 1655 ut
193 1601 245 1655 hoc
259 1604 373 1670 putetis:
394 1619 449 1657 non
465 1619 525 1656 sum
541 1605 616 1671 quod
630 1606 742 1673 putatis.
765 1604 804 1657 Et
819 1604 937 1670 quises
952 1603 1004 1656 tu?
1024 1603 1079 1656 dic·
1099 1602 1219 1680 saffiram

116 1687 206 1738 ouium
222 1688 264 1739 est
278 1687 312 1741 ei.
335 1686 403 1754 Ego
419 1702 486 1740 sum
501 1702 563 1740 uox
576 1689 746 1741 clamantis
761 1689 793 1740 in
807 1687 949 1752 deserto,
966 1685 1080 1740 Parate

148 1771 231 1823 uiam
249 1770 387 1825 domino,
410 1771 509 1825 Videte
526 1786 741 1838 praecursorem,
760 1771 891 1837 suscipite
909 1771 1079 1836 metatorem,

148 1856 242 1908 timete
256 1855 382 1910 iudicem.
395 1853 401 1926 Ι
416 1855 529 1910 Parate
543 1857 627 1910 uiam
647 1853 777 1908 domino
796 1857 898 1908 rectas
913 1855 1012 1909 tacite
1032 1869 1134 1908 seronV

148 1940 241 1993 mitas
255 1941 335 1993 eius:
354 1942 457 1994 omnis
470 1956 559 1994 mons
573 1942 603 1993 et
616 1939 711 1994 collis
725 1939 959 2007 humiliabitur,
974 1942 1004 1992 et
1016 1956 1079 1993 om-

148 2025 196 2077 nis
211 2023 309 2077 uallis
324 2023 531 2077 exaltabitur:
552 2026 582 2076 et
597 2026 689 2077 erunt
702 2025 852 2077 tortuosa
866 2023 897 2075 in
912 2023 1078 2088 directum,

115 2110 177 2162 aet
194 2124 307 2176 aspera
323 2110 354 2161 in
370 2111 440 2162 uias
456 2109 582 2176 planas,
599 2109 629 2161 et
645 2107 770 2161 uidebit
787 2109 889 2160 omnis
905 2123 978 2160 caro
995 2106 1078 2160 salu-

146 2195 214 2246 tare
225 2193 285 2247 dei.
304 2192 368 2245 Non
380 2209 431 2260 me,
444 2192 494 2245 sed
506 2192 626 2245 salutare
636 2192 691 2245 dei.
706 2192 819 2245 Videbit
829 2193 920 2245 omnis
931 2208 995 2245 caro
1006 2192 1077 2244 salu-

146 2277 204 2328 tare
222 2276 275 2330 dei.
301 2274 431 2329 Perhibet
449 2275 558 2329 lucerna
576 2276 765 2328 testimonium
784 2276 848 2341 diei,
867 2273 931 2343 quia'
949 2274 1077 2328 Christus

146 2360 214 2413 dies.
232 2358 311 2423 Quid
325 2359 481 2413 lohannes?
499 2358 629 2413 lucerna.
648 2357 704 2412 Sed
717 2359 783 2426 quid
796 2373 866 2426 opus
879 2361 937 2412 erat
949 2358 1078 2412 lucerna?

145 2441 220 2509 Quia
237 2443 460 2497 abscondebatur
476 2444 548 2497 dies:
573 2443 802 2509 abscondebatur,
821 2443 910 2496 donec
927 2444 1077 2510 pateretur:

113 2528 209 2595 roquia
224 2544 273 2581 nec
286 2529 434 2595 pateretur,
449 2529 502 2581 nisi
518 2527 742 2581 absconderetur.
764 2526 795 2580 Si
810 2528 892 2580 enim
907 2529 1077 2595 cognouis-

145 2613 225 2678 sent,
243 2626 410 2680 numquam
426 2611 588 2665 dominum
603 2612 727 2680 gloriae
743 2611 996 2668 crucifixissent.

203 2709 228 2762 3.
249 2708 285 2761 Et
301 2711 393 2761 tamen
412 2724 446 2762 ne
465 2709 580 2762 multum
599 2708 730 2761 resistant
747 2707 811 2774 diei,
830 2707 866 2760 de
884 2706 995 2759 lucerna
1012 2722 1076 2760 con·

144 2791 257 2844 diuntur
277 2790 384 2844 ludaei:
408 2793 554 2845 mittuntur
573 2791 609 2844 ad
629 2791 788 2844 Iohannem.
816 2788 905 2844 Dixit:
931 2790 996 2844 Non
1016 2805 1075 2843 sum

143 2891 208 2942 eg0;
234 2876 328 2942 quiin
350 2875 443 2928 medio
464 2878 587 2929 uestrum
609 2877 659 2942 est,
680 2875 768 2928 maior
786 2890 832 2929 ,me
854 2877 904 2928 est.
931 2873 1075 2940 {Quantum

111 2971 135 3008 75
143 2959 250 3013 maior?
272 2958 355 3012 Certe
370 2959 478 3012 dixerat
493 2960 623 3012 dominus
640 2958 777 3025 Christus
795 2958 826 3011 ln
843 2960 915 3012 natis
931 2958 1074 3011 mulierum

142 3058 224 3096 nemo
242 3043 394 3095 exsurrexit
410 3044 498 3095 maior
516 3042 638 3095 iohanne
655 3042 789 3108 baptista;
813 3043 860 3109 qui
878 3043 968 3095 autern
985 3043 1074 3095 minor

142 3127 184 3178 est
201 3157 234 3163 -
250 3126 285 3179 de
301 3142 331 3178 se
347 3126 409 3193 ipso
425 3125 528 3192 diccnS,
545 3141 578 3178 eo
595 3125 670 3192 quod
686 3126 826 3192 posterior
841 3126 868 3177 in
885 3141 966 3177 carne
982 3126 1023 3177 est
1039 3154 1073 3161 -

142 3211 169 3262 in
186 3225 273 3277 regno
288 3209 425 3263 caelorum
441 3210 530 3261 maior
546 3208 595 3261 illo
611 3211 661 3261 est.
683 3207 824 3262 Minorem
840 3225 869 3262 se
885 3210 966 3262 dixit:
989 3223 1072 3274 quan-

141 3295 199 3347 tum
211 3294 300 3347 maior
310 3295 383 3347 esset
394 3308 449 3345 non
461 3291 539 3346 dixit.
558 3290 638 3358 Sane,
651 3307 684 3345 ne
697 3292 803 3360 aliquid
815 3292 956 3360 subripere
967 3292 1072 3357 uidear,

109 3377 205 3444 8⁰quia
220 3378 247 3431 et
260 3379 320 3444 ipse
334 3379 376 3430 est
390 3375 466 3429 utilis
481 3387 588 3441 sensus,
603 3377 630 3428 et
644 3391 660 3428 a
673 3390 741 3429 uero
756 3391 812 3428 non
828 3375 967 3440 aberrans,
981 3374 1072 3427 dicam

139 3513 153 3543 S.
161 3512 242 3550 Augustini
252 3513 327 3542 tractatus.
359 3507 371 3544 6
1039 3493 1069 3546 81
