2819 4040
639 356 658 401 S.
672 359 777 411 Augustini
789 361 881 403 tractatus

312 497 363 553 pro
383 485 494 538 nomine
514 483 619 538 Christi
641 487 785 553 passurus!
814 487 911 542 Pasce
932 501 1009 540 oues
1030 500 1127 552 meas,
1148 500 1242 552 pasce

310 584 411 635 agnos
426 584 520 622 meos
542 567 614 622 Nam
629 568 695 622 mihi
710 571 778 637 quid
793 574 980 639 praestaturus
996 585 1034 636 es,
1049 570 1073 622 si
1088 584 1164 622 amas
1179 568 1242 622 me?

310 651 465 706 Constituit
486 654 626 721 pastorem
648 655 776 721 princeps
799 659 950 724 pastorum,
973 657 1003 709 ut
1025 655 1151 721 pasceret
1172 668 1241 707 oues

309 734 415 790 Christi
433 734 540 804 PetruS,
556 754 612 791 non
628 753 701 792 suas.
725 737 797 792 Nam
815 741 936 808 quidam,
953 740 999 808 qui
1015 736 1164 791 uoluerunt
1179 752 1242 790 esse

308 820 383 874 docti
395 821 595 889 apostolorum,
606 823 770 875 reuocantur
781 823 816 876 ab
827 825 896 891 ipsis
908 821 1043 891 apostolis
1055 821 1091 874 ad
1103 821 1241 888 integrum
1249 829 1273 867 75

307 919 427 958 sensum.
451 903 529 959 Oues
546 907 619 959 enim
637 904 743 959 Christi
761 910 848 973 erant,
867 911 894 962 et
911 908 1052 961 hominum
1070 920 1132 958 esse
1148 904 1240 972 cupie-

306 987 385 1054 bant3
403 988 490 1042 etalii
505 988 643 1055 dicebant,
659 988 727 1056 Ego
742 1005 809 1042 sum
825 988 929 1058 Pauli,
944 1007 1003 1059 ego
1016 1002 1093 1045 uero
1106 986 1239 1055 ‘Apollo

306 1086 367 1138 ego
382 1074 486 1125 autem
502 1071 611 1126 Cetae.
635 1071 722 1125 Erant
737 1071 776 1125 ibi
792 1088 869 1141 oues,
886 1076 932 1142 qui
948 1075 1091 1128 dominum
1107 1087 1239 1139 agnosce-

305 1154 384 1209 bant:
409 1155 479 1224 Ego
494 1171 570 1210 uero
588 1155 721 1210 Christi.
746 1154 850 1210 Paulus
868 1160 959 1211 autem
977 1159 1074 1224 sciens,
1092 1156 1156 1223 quia
1173 1170 1238 1208 suas

162 1249 275 1328 effinges
306 1254 373 1293 oues
395 1237 525 1293 Christus
545 1239 681 1308 apostolis
701 1240 915 1308 commendauit,
937 1258 993 1295 non
1014 1240 1098 1306 illius,
1118 1238 1271 1306 reppulitao

183 1355 214 1376 110„
224 1307 288 1377 hiesu*
306 1338 364 1377 ase
376 1322 537 1377 huiusmodi
550 1324 780 1377 dominationem:
799 1325 952 1378 confitetur
964 1341 994 1379 se
1008 1340 1063 1378 non
1077 1339 1137 1378 esse
1151 1322 1239 1376 domi·

305 1422 379 1474 num,
400 1410 431 1461 ut
450 1409 487 1462 sit
507 1423 567 1462 cum
588 1407 712 1462 domino.
741 1406 904 1475 Numquid
926 1408 1045 1463 Paulus
1066 1424 1123 1476 pro
1143 1407 1238 1462 uobis

304 1491 482 1546 crucifixus
500 1493 567 1547 est?
589 1493 642 1545 aut
659 1494 689 1545 in
708 1494 836 1545 nomine
855 1491 946 1546 Pauli
964 1493 1121 1560 baptizati
1139 1491 1238 1546 estis?

306 1574 398 1643 lpsius
410 1591 478 1630 oues
489 1577 564 1644 estis,
577 1576 689 1629 nescitis
700 1576 778 1629 cuius
791 1591 859 1629 oues
872 1577 951 1642 estis;
966 1578 1131 1630 caracterem
1144 1575 1236 1643 legite,

304 1663 332 1715 in
350 1679 405 1731 quo
421 1665 523 1732 signati
539 1665 614 1718 estis.
639 1662 724 1717 Pasce
740 1680 808 1717 oues
825 1679 909 1718 meas.
931 1662 1047 1730 „Quarei
1068 1662 1144 1728 Quia
1160 1676 1268 1718 amassa

303 1763 355 1814 me,
375 1749 440 1815 quia
458 1748 553 1816 diligis
572 1764 623 1815 me,
642 1748 786 1801 committo
805 1748 856 1801 tibi
875 1763 943 1802 oues
963 1763 1050 1801 meas:
1075 1763 1165 1814 pasce,
1185 1745 1236 1800 sed

302 1834 433 1885 memento
457 1850 541 1887 meas.
565 1832 706 1902 Principes
723 1836 814 1888 autem
830 1833 957 1887 heresum
973 1849 1037 1887 suas
1054 1848 1122 1887 oues
1137 1831 1237 1886 uolunt

302 1917 403 1985 facere,
422 1933 491 1987 quae
508 1921 572 1971 sunt
589 1917 706 1984 Christi;
730 1918 781 1971 sed
797 1920 899 1985 tamen,
916 1917 1011 1984 uelint,
1030 1917 1128 1984 nolint,
1146 1932 1235 1970 carac-

301 2002 388 2054 terem
412 1999 518 2054 Christi
538 2002 674 2069 coguntur
696 2003 841 2069 inponere:
870 2002 962 2055 facere
985 2000 1122 2072 peculium
1146 2014 1234 2067 suum,

302 2086 329 2137 et
346 2085 496 2138 inscribere
511 2101 612 2139 nomen
629 2085 806 2140 dominicum.
830 2084 886 2138 Sed
903 2085 970 2153 quid
987 2085 1055 2138 dicit
1070 2084 1174 2138 talibus
1194 2085 1235 2138 di·
1243 2097 1268 2135 90

301 2169 366 2222 uina
381 2170 516 2236 scriptura
530 2170 557 2222 in
572 2168 696 2222 Canticis
710 2169 897 2223 canticorum?
916 2167 1050 2237 appellat
1064 2170 1137 2222 enim
1152 2184 1234 2236 spon-

302 2267 350 2304 sus
363 2268 496 2320 sponsam
509 2251 638 2306 Christus
652 2252 803 2320 ecclesiam,
816 2255 844 2306 et
857 2253 935 2306 dicit:
955 2252 1027 2307 Nisi
1040 2255 1234 2320 cognoueris

300 2338 398 2389 temet
430 2337 542 2403 ipsam,
565 2336 732 2404 opulchra
762 2338 845 2389 inter
874 2336 1032 2390 mulieres.
1068 2334 1147 2402 Quid
1184 2339 1234 2402 est,

301 2423 416 2491 pulchra
433 2426 505 2478 inter
522 2427 670 2480 mulieres?
695 2425 841 2480 Catholica
859 2427 930 2479 inter
946 2425 1065 2479 hereses
1090 2424 1234 2479 Attendite

300 2508 535 2575 quemadmodum
552 2509 742 2563 comminatur.
768 2509 830 2562 Nisi
847 2510 1012 2577 cognoueris
1031 2511 1116 2562 temet
1134 2510 1232 2576 ipsam,
1241 2519 1264 2556 95

299 2592 377 2645 cuius
397 2593 443 2658 sis,
462 2592 528 2660 quid
545 2593 650 2659 credas,
670 2593 706 2646 ad
726 2608 807 2660 quem
825 2594 972 2660 pertineas,
992 2608 1073 2662 quam
1092 2593 1176 2659 longe
1195 2593 1233 2645 la·

299 2678 381 2743 teque
395 2675 565 2744 diffusam,
579 2678 656 2729 cuius
671 2679 806 2744 sanguine
820 2677 944 2730 redemta
958 2678 1008 2743 sis3
1027 2677 1080 2729 nisi
1094 2691 1232 2744 cognoue-

298 2760 337 2812 ris
356 2762 441 2813 temet
459 2762 555 2828 ipsam,
574 2775 593 2814 ὀ
612 2760 726 2828 pulchra
747 2762 818 2814 inter
836 2761 973 2828 mulieres,
994 2761 1046 2814 nisi
1065 2762 1231 2828 cognoueris

297 2846 383 2896 temet
399 2845 497 2911 ipsam,
513 2858 567 2912 ego
583 2845 652 2898 eicio
668 2847 703 2912 te,
722 2847 771 2898 exi
788 2847 829 2898 tu.
851 2843 930 2911 Quid
946 2848 996 2912 est,
1013 2846 1057 2898 exi
1073 2846 1122 2899 tu?
1145 2843 1231 2908 Quod

299 2927 438 2981 lohannes
458 2928 525 2981 dicit
543 2929 570 2981 in
590 2929 709 2996 epistula
729 2944 791 2982 sua:
819 2928 865 2982 Ex
883 2928 973 2982 nobis
996 2930 1154 2995 exierunt,
1174 2928 1230 2982 sed
1241 2941 1276 2979 roo

297 3028 360 3068 non
378 3018 470 3068 erant
486 3031 523 3068 ex
539 3017 640 3070 nobis.
666 3016 723 3070 Exi
741 3019 775 3069 tu
792 3019 823 3069 in
840 3018 991 3084 uestigiis
1008 3032 1151 3085 gregum:
1175 3032 1230 3070 non

297 3100 324 3151 in
348 3100 477 3166 uestigiis
499 3101 628 3167 pastoris,
652 3101 702 3154 sed
726 3102 754 3153 in
778 3101 905 3168 uestigiis
928 3116 1056 3168 gregum:
1087 3099 1230 3167 sequendo

217 3190 250 3231 for.
263 3193 287 3232 sa
296 3185 416 3252 uestigia
429 3180 441 3255 ΙΙ
453 3185 603 3252 hominum,
619 3201 675 3238 non
690 3184 841 3240 Christum.
865 3185 906 3239 Et
920 3202 1014 3254 pasce
1029 3185 1131 3239 hedos
1145 3189 1230 3240 tuos:

296 3285 360 3336 non,
383 3270 454 3322 sicut
476 3267 583 3336 Petrus,
605 3284 672 3323 oues
694 3286 778 3324 meas.
808 3269 844 3322 Et
864 3269 912 3323 ubi
934 3286 1015 3337 pasce
1037 3269 1126 3323 hedos
1148 3270 1231 3323 tuos?

296 3352 329 3405 ln
353 3352 574 3406 tabernaculis
596 3355 772 3420 pastorum:
803 3354 894 3406 diuisa
918 3355 946 3406 in
970 3353 1156 3407 tabernaculis
1179 3365 1273 3423 ‚pa-1⁰5

293 3441 408 3506 storum,
420 3454 477 3492 non
487 3437 666 3492 tabernaculo
678 3440 807 3506 pastoris.
826 3438 940 3493 Habeo
952 3439 1034 3493 alias
1045 3454 1134 3506 oues,
1148 3454 1226 3507 quae
