<?xml version="1.0" encoding="UTF-8"?>
<!DOCTYPE html PUBLIC "-//W3C//DTD XHTML 1.0 Transitional//EN"
    "http://www.w3.org/TR/xhtml1/DTD/xhtml1-transitional.dtd">
<html xmlns="http://www.w3.org/1999/xhtml" xml:lang="en" lang="en">
 <head>
  <title>
</title>
<meta http-equiv="Content-Type" content="text/html;charset=utf-8" />
  <meta name='ocr-system' content='tesseract 3.04.00' />
  <meta name='ocr-capabilities' content='ocr_page ocr_carea ocr_par ocr_line ocrx_word'/>
</head>
<body>
  <div class='ocr_page' id='page_1' title='image "MN41725ucmf_2_0158.png"; bbox 0 0 2819 4040; ppageno 0'>
   <div class='ocr_carea' id='block_1_1' title="bbox 628 350 870 400">
    <p class='ocr_par' dir='ltr' id='par_1_1' title="bbox 628 350 870 400">
     <span class='ocr_line' id='line_1_1' title="bbox 628 350 870 400; baseline 0.021 -12"><span class='ocrx_word' id='word_1_1' title='bbox 628 350 646 389; x_wconf 87' lang='lat' dir='ltr'>S.</span> <span class='ocrx_word' id='word_1_2' title='bbox 660 351 765 400; x_wconf 76' lang='lat' dir='ltr'><strong>Augustini</strong></span> <span class='ocrx_word' id='word_1_3' title='bbox 778 354 870 393; x_wconf 85' lang='lat' dir='ltr'>tractatus</span> 
     </span>
    </p>
   </div>
   <div class='ocr_carea' id='block_1_2' title="bbox 145 472 1360 3489">
    <p class='ocr_par' dir='ltr' id='par_1_2' title="bbox 145 472 1360 3489">
     <span class='ocr_line' id='line_1_2' title="bbox 301 472 1231 545; baseline 0.001 -18"><span class='ocrx_word' id='word_1_4' title='bbox 301 472 445 542; x_wconf 89' lang='lat' dir='ltr'>apostolus</span> <span class='ocrx_word' id='word_1_5' title='bbox 462 489 518 526; x_wconf 94' lang='lat' dir='ltr'>non</span> <span class='ocrx_word' id='word_1_6' title='bbox 534 487 595 526; x_wconf 91' lang='lat' dir='ltr'>sum</span> <span class='ocrx_word' id='word_1_7' title='bbox 612 473 738 540; x_wconf 89' lang='lat' dir='ltr'>idoneus,</span> <span class='ocrx_word' id='word_1_8' title='bbox 756 477 821 541; x_wconf 90' lang='lat' dir='ltr'>quia</span> <span class='ocrx_word' id='word_1_9' title='bbox 837 477 995 545; x_wconf 86' lang='lat' dir='ltr'>persecutus</span> <span class='ocrx_word' id='word_1_10' title='bbox 1012 489 1072 528; x_wconf 94' lang='lat' dir='ltr'>sum</span> <span class='ocrx_word' id='word_1_11' title='bbox 1089 473 1231 529; x_wconf 89' lang='lat' dir='ltr'>ecclesiam</span> 
     </span>
     <span class='ocr_line' id='line_1_3' title="bbox 300 556 1231 625; baseline 0.004 -15"><span class='ocrx_word' id='word_1_12' title='bbox 300 558 356 610; x_wconf 89' lang='lat' dir='ltr'>dei:</span> <span class='ocrx_word' id='word_1_13' title='bbox 369 556 505 625; x_wconf 90' lang='lat' dir='ltr'>supplicia</span> <span class='ocrx_word' id='word_1_14' title='bbox 515 557 702 624; x_wconf 86' lang='lat' dir='ltr'><strong>expectabam,</strong></span> <span class='ocrx_word' id='word_1_15' title='bbox 714 561 837 625; x_wconf 91' lang='lat' dir='ltr'>praemia</span> <span class='ocrx_word' id='word_1_16' title='bbox 849 563 969 615; x_wconf 88' lang='lat' dir='ltr'>inuenio.</span> <span class='ocrx_word' id='word_1_17' title='bbox 989 558 1071 612; x_wconf 88' lang='lat' dir='ltr'><strong>Unde</strong></span> <span class='ocrx_word' id='word_1_18' title='bbox 1082 558 1134 613; x_wconf 90' lang='lat' dir='ltr'>hoc</span> <span class='ocrx_word' id='word_1_19' title='bbox 1145 558 1231 614; x_wconf 82' lang='lat' dir='ltr'>mihi?</span> 
     </span>
     <span class='ocr_line' id='line_1_4' title="bbox 298 639 1275 712; baseline 0.004 -19"><span class='ocrx_word' id='word_1_20' title='bbox 298 639 383 707; x_wconf 72' lang='lat' dir='ltr'>,Quia</span> <span class='ocrx_word' id='word_1_21' title='bbox 400 643 506 708; x_wconf 88' lang='lat' dir='ltr'>gratia</span> <span class='ocrx_word' id='word_1_22' title='bbox 523 642 574 694; x_wconf 90' lang='lat' dir='ltr'>dei</span> <span class='ocrx_word' id='word_1_23' title='bbox 592 657 659 695; x_wconf 90' lang='lat' dir='ltr'>sum</span> <span class='ocrx_word' id='word_1_24' title='bbox 677 642 763 709; x_wconf 89' lang='lat' dir='ltr'>quod</span> <span class='ocrx_word' id='word_1_25' title='bbox 782 659 861 712; x_wconf 89' lang='lat' dir='ltr'>sum,</span> <span class='ocrx_word' id='word_1_26' title='bbox 879 648 909 699; x_wconf 89' lang='lat' dir='ltr'>et</span> <span class='ocrx_word' id='word_1_27' title='bbox 925 645 1029 712; x_wconf 89' lang='lat' dir='ltr'>gratia</span> <span class='ocrx_word' id='word_1_28' title='bbox 1047 644 1115 696; x_wconf 90' lang='lat' dir='ltr'>eius</span> <span class='ocrx_word' id='word_1_29' title='bbox 1132 653 1275 697; x_wconf 79' lang='lat' dir='ltr'>uacua1⁴⁵</span> 
     </span>
     <span class='ocr_line' id='line_1_5' title="bbox 299 725 1231 793; baseline 0.003 -16"><span class='ocrx_word' id='word_1_30' title='bbox 299 726 329 777; x_wconf 92' lang='lat' dir='ltr'>in</span> <span class='ocrx_word' id='word_1_31' title='bbox 342 741 388 777; x_wconf 90' lang='lat' dir='ltr'>me</span> <span class='ocrx_word' id='word_1_32' title='bbox 399 741 462 778; x_wconf 91' lang='lat' dir='ltr'>non</span> <span class='ocrx_word' id='word_1_33' title='bbox 474 725 549 792; x_wconf 87' lang='lat' dir='ltr'>fuit,</span> <span class='ocrx_word' id='word_1_34' title='bbox 562 725 618 778; x_wconf 92' lang='lat' dir='ltr'>sed</span> <span class='ocrx_word' id='word_1_35' title='bbox 630 726 702 793; x_wconf 91' lang='lat' dir='ltr'>plus</span> <span class='ocrx_word' id='word_1_36' title='bbox 714 728 863 781; x_wconf 90' lang='lat' dir='ltr'>omnibus</span> <span class='ocrx_word' id='word_1_37' title='bbox 875 730 943 782; x_wconf 92' lang='lat' dir='ltr'>illis</span> <span class='ocrx_word' id='word_1_38' title='bbox 955 728 1109 781; x_wconf 91' lang='lat' dir='ltr'>laboraui.</span> <span class='ocrx_word' id='word_1_39' title='bbox 1130 725 1231 780; x_wconf 91' lang='lat' dir='ltr'>lterum</span> 
     </span>
     <span class='ocr_line' id='line_1_6' title="bbox 298 810 1232 881; baseline 0.004 -20"><span class='ocrx_word' id='word_1_40' title='bbox 298 811 325 861; x_wconf 91' lang='lat' dir='ltr'>te</span> <span class='ocrx_word' id='word_1_41' title='bbox 340 811 446 877; x_wconf 87' lang='lat' dir='ltr'>erigere</span> <span class='ocrx_word' id='word_1_42' title='bbox 461 810 597 877; x_wconf 78' lang='lat' dir='ltr'>coepisti?</span> <span class='ocrx_word' id='word_1_43' title='bbox 619 810 690 863; x_wconf 93' lang='lat' dir='ltr'>Non</span> <span class='ocrx_word' id='word_1_44' title='bbox 707 813 811 864; x_wconf 89' lang='lat' dir='ltr'>autem</span> <span class='ocrx_word' id='word_1_45' title='bbox 827 828 897 881; x_wconf 84' lang='lat' dir='ltr'>ego,</span> <span class='ocrx_word' id='word_1_46' title='bbox 914 814 970 867; x_wconf 91' lang='lat' dir='ltr'>sed</span> <span class='ocrx_word' id='word_1_47' title='bbox 984 813 1089 880; x_wconf 84' lang='lat' dir='ltr'>gratia</span> <span class='ocrx_word' id='word_1_48' title='bbox 1104 811 1155 865; x_wconf 90' lang='lat' dir='ltr'>dei</span> <span class='ocrx_word' id='word_1_49' title='bbox 1171 829 1232 865; x_wconf 88' lang='lat' dir='ltr'>me·</span> 
     </span>
     <span class='ocr_line' id='line_1_7' title="bbox 298 892 1231 963; baseline 0.002 -17"><span class='ocrx_word' id='word_1_50' title='bbox 298 909 373 947; x_wconf 92' lang='lat' dir='ltr'>cum.</span> <span class='ocrx_word' id='word_1_51' title='bbox 404 892 486 961; x_wconf 84' lang='lat' dir='ltr'>Bene,</span> <span class='ocrx_word' id='word_1_52' title='bbox 507 896 619 962; x_wconf 89' lang='lat' dir='ltr'>optime,</span> <span class='ocrx_word' id='word_1_53' title='bbox 641 910 697 947; x_wconf 92' lang='lat' dir='ltr'>non</span> <span class='ocrx_word' id='word_1_54' title='bbox 719 895 773 948; x_wconf 91' lang='lat' dir='ltr'>iam</span> <span class='ocrx_word' id='word_1_55' title='bbox 796 894 887 963; x_wconf 87' lang='lat' dir='ltr'>Saule,</span> <span class='ocrx_word' id='word_1_56' title='bbox 909 898 959 950; x_wconf 90' lang='lat' dir='ltr'>sed</span> <span class='ocrx_word' id='word_1_57' title='bbox 981 895 1077 950; x_wconf 82' lang='lat' dir='ltr'>Paule:</span> <span class='ocrx_word' id='word_1_58' title='bbox 1099 911 1155 948; x_wconf 94' lang='lat' dir='ltr'>non</span> <span class='ocrx_word' id='word_1_59' title='bbox 1177 896 1231 948; x_wconf 87' lang='lat' dir='ltr'>iarn</span> 
     </span>
     <span class='ocr_line' id='line_1_8' title="bbox 299 977 1232 1048; baseline 0.001 -17"><span class='ocrx_word' id='word_1_60' title='bbox 299 978 425 1046; x_wconf 87' lang='lat' dir='ltr'>superbe,</span> <span class='ocrx_word' id='word_1_61' title='bbox 442 979 492 1031; x_wconf 90' lang='lat' dir='ltr'>sed</span> <span class='ocrx_word' id='word_1_62' title='bbox 507 994 600 1047; x_wconf 89' lang='lat' dir='ltr'>parue.</span> <span class='ocrx_word' id='word_1_63' title='bbox 616 977 716 1032; x_wconf 86' lang='lat' dir='ltr'>Saulus</span> <span class='ocrx_word' id='word_1_64' title='bbox 732 979 798 1032; x_wconf 90' lang='lat' dir='ltr'>ideo</span> <span class='ocrx_word' id='word_1_65' title='bbox 813 982 959 1048; x_wconf 88' lang='lat' dir='ltr'>superbiae</span> <span class='ocrx_word' id='word_1_66' title='bbox 975 996 1073 1034; x_wconf 88' lang='lat' dir='ltr'>nornen</span> <span class='ocrx_word' id='word_1_67' title='bbox 1089 979 1151 1046; x_wconf 86' lang='lat' dir='ltr'>fuit,</span> <span class='ocrx_word' id='word_1_68' title='bbox 1167 981 1232 1047; x_wconf 90' lang='lat' dir='ltr'>quia</span> 
     </span>
     <span class='ocr_line' id='line_1_9' title="bbox 154 1062 1275 1134; baseline -0.003 -19"><span class='ocrx_word' id='word_1_69' title='bbox 154 1069 280 1103; x_wconf 60' lang='lat' dir='ltr'>samsai,</span> <span class='ocrx_word' id='word_1_70' title='bbox 298 1062 345 1115; x_wconf 91' lang='lat' dir='ltr'>ille</span> <span class='ocrx_word' id='word_1_71' title='bbox 363 1079 411 1116; x_wconf 89' lang='lat' dir='ltr'>rex</span> <span class='ocrx_word' id='word_1_72' title='bbox 427 1079 567 1130; x_wconf 90' lang='lat' dir='ltr'>procerus,</span> <span class='ocrx_word' id='word_1_73' title='bbox 584 1065 611 1116; x_wconf 88' lang='lat' dir='ltr'>et</span> <span class='ocrx_word' id='word_1_74' title='bbox 628 1065 706 1117; x_wconf 88' lang='lat' dir='ltr'>tanto</span> <span class='ocrx_word' id='word_1_75' title='bbox 724 1063 903 1132; x_wconf 88' lang='lat' dir='ltr'>inuidentior,</span> <span class='ocrx_word' id='word_1_76' title='bbox 921 1068 1024 1134; x_wconf 89' lang='lat' dir='ltr'>quanto</span> <span class='ocrx_word' id='word_1_77' title='bbox 1041 1064 1147 1130; x_wconf 87' lang='lat' dir='ltr'>elatior,</span> <span class='ocrx_word' id='word_1_78' title='bbox 1165 1062 1275 1116; x_wconf 81' lang='lat' dir='ltr'>Saulrao</span> 
     </span>
     <span class='ocr_line' id='line_1_10' title="bbox 297 1146 1231 1216; baseline 0.001 -17"><span class='ocrx_word' id='word_1_79' title='bbox 297 1146 458 1213; x_wconf 88' lang='lat' dir='ltr'>uocabatur,</span> <span class='ocrx_word' id='word_1_80' title='bbox 483 1148 529 1214; x_wconf 92' lang='lat' dir='ltr'>qui</span> <span class='ocrx_word' id='word_1_81' title='bbox 552 1148 676 1200; x_wconf 90' lang='lat' dir='ltr'>sanctum</span> <span class='ocrx_word' id='word_1_82' title='bbox 701 1146 795 1200; x_wconf 89' lang='lat' dir='ltr'>Dauid</span> <span class='ocrx_word' id='word_1_83' title='bbox 820 1150 1043 1216; x_wconf 80' lang='lat' dir='ltr'>persequebatur.</span> <span class='ocrx_word' id='word_1_84' title='bbox 1082 1146 1149 1201; x_wconf 93' lang='lat' dir='ltr'>lnde</span> <span class='ocrx_word' id='word_1_85' title='bbox 1179 1148 1231 1200; x_wconf 92' lang='lat' dir='ltr'>iste</span> 
     </span>
     <span class='ocr_line' id='line_1_11' title="bbox 298 1229 1230 1300; baseline 0.001 -18"><span class='ocrx_word' id='word_1_86' title='bbox 298 1246 398 1283; x_wconf 87' lang='lat' dir='ltr'>nomen</span> <span class='ocrx_word' id='word_1_87' title='bbox 414 1234 566 1299; x_wconf 88' lang='lat' dir='ltr'>acceperat:</span> <span class='ocrx_word' id='word_1_88' title='bbox 581 1241 651 1288; x_wconf 88' lang='lat' dir='ltr'>&lt;a&gt;</span> <span class='ocrx_word' id='word_1_89' title='bbox 666 1229 749 1284; x_wconf 86' lang='lat' dir='ltr'>Saule</span> <span class='ocrx_word' id='word_1_90' title='bbox 762 1229 872 1298; x_wconf 86' lang='lat' dir='ltr'>Saulus,</span> <span class='ocrx_word' id='word_1_91' title='bbox 887 1248 1039 1300; x_wconf 91' lang='lat' dir='ltr'>congruum</span> <span class='ocrx_word' id='word_1_92' title='bbox 1055 1238 1155 1285; x_wconf 91' lang='lat' dir='ltr'>nomen</span> <span class='ocrx_word' id='word_1_93' title='bbox 1170 1247 1230 1298; x_wconf 90' lang='lat' dir='ltr'>per·</span> 
     </span>
     <span class='ocr_line' id='line_1_12' title="bbox 298 1313 1231 1382; baseline 0.001 -16"><span class='ocrx_word' id='word_1_94' title='bbox 298 1315 441 1368; x_wconf 87' lang='lat' dir='ltr'>secutoris.</span> <span class='ocrx_word' id='word_1_95' title='bbox 460 1313 538 1378; x_wconf 89' lang='lat' dir='ltr'>Quid</span> <span class='ocrx_word' id='word_1_96' title='bbox 550 1315 667 1382; x_wconf 84' lang='lat' dir='ltr'>postea?</span> <span class='ocrx_word' id='word_1_97' title='bbox 682 1313 795 1369; x_wconf 84' lang='lat' dir='ltr'>Paulus.</span> <span class='ocrx_word' id='word_1_98' title='bbox 810 1313 889 1379; x_wconf 80' lang='lat' dir='ltr'>Quid</span> <span class='ocrx_word' id='word_1_99' title='bbox 901 1319 943 1370; x_wconf 92' lang='lat' dir='ltr'>est</span> <span class='ocrx_word' id='word_1_100' title='bbox 955 1316 1078 1370; x_wconf 84' lang='lat' dir='ltr'>Paulus?</span> <span class='ocrx_word' id='word_1_101' title='bbox 1092 1314 1231 1381; x_wconf 84' lang='lat' dir='ltr'>Modicus,</span> 
     </span>
     <span class='ocr_line' id='line_1_13' title="bbox 298 1397 1231 1466; baseline 0.001 -16"><span class='ocrx_word' id='word_1_102' title='bbox 298 1399 436 1453; x_wconf 78' lang='lat' dir='ltr'>minimus,</span> <span class='ocrx_word' id='word_1_103' title='bbox 452 1397 576 1456; x_wconf 86' lang='lat' dir='ltr'>Recolite</span> <span class='ocrx_word' id='word_1_104' title='bbox 588 1398 711 1465; x_wconf 92' lang='lat' dir='ltr'>uerbum,</span> <span class='ocrx_word' id='word_1_105' title='bbox 726 1400 773 1466; x_wconf 87' lang='lat' dir='ltr'>qui</span> <span class='ocrx_word' id='word_1_106' title='bbox 787 1399 894 1452; x_wconf 83' lang='lat' dir='ltr'>litteras</span> <span class='ocrx_word' id='word_1_107' title='bbox 908 1400 997 1453; x_wconf 90' lang='lat' dir='ltr'>nostis</span> <span class='ocrx_word' id='word_1_108' title='bbox 1002 1416 1009 1465; x_wconf 92' lang='lat'>;</span> <span class='ocrx_word' id='word_1_109' title='bbox 1023 1399 1134 1453; x_wconf 78' lang='lat' dir='ltr'>recolite</span> <span class='ocrx_word' id='word_1_110' title='bbox 1148 1398 1231 1452; x_wconf 86' lang='lat' dir='ltr'>etiarn</span> 
     </span>
     <span class='ocr_line' id='line_1_14' title="bbox 297 1482 1274 1550; baseline -0.002 -16"><span class='ocrx_word' id='word_1_111' title='bbox 297 1482 535 1550; x_wconf 83' lang='lat' dir='ltr'>consuetudinem,</span> <span class='ocrx_word' id='word_1_112' title='bbox 550 1483 595 1549; x_wconf 92' lang='lat' dir='ltr'>qui</span> <span class='ocrx_word' id='word_1_113' title='bbox 610 1482 739 1535; x_wconf 89' lang='lat' dir='ltr'>liberales</span> <span class='ocrx_word' id='word_1_114' title='bbox 754 1484 800 1549; x_wconf 90' lang='lat' dir='ltr'>qui</span> <span class='ocrx_word' id='word_1_115' title='bbox 814 1485 948 1536; x_wconf 86' lang='lat' dir='ltr'>uocantur</span> <span class='ocrx_word' id='word_1_116' title='bbox 962 1483 1048 1536; x_wconf 91' lang='lat' dir='ltr'>libros</span> <span class='ocrx_word' id='word_1_117' title='bbox 1063 1498 1118 1536; x_wconf 95' lang='lat' dir='ltr'>non</span> <span class='ocrx_word' id='word_1_118' title='bbox 1132 1483 1229 1535; x_wconf 89' lang='lat' dir='ltr'>nostis.</span> <span class='ocrx_word' id='word_1_119' title='bbox 1240 1495 1274 1532; x_wconf 86' lang='lat'>155</span> 
     </span>
     <span class='ocr_line' id='line_1_15' title="bbox 146 1563 1229 1635; baseline 0.001 -18"><span class='ocrx_word' id='word_1_120' title='bbox 146 1570 289 1606; x_wconf 55' lang='lat' dir='ltr'>pulsamur·</span> <span class='ocrx_word' id='word_1_121' title='bbox 300 1563 404 1620; x_wconf 86' lang='lat' dir='ltr'>Paulus</span> <span class='ocrx_word' id='word_1_122' title='bbox 421 1567 547 1619; x_wconf 88' lang='lat' dir='ltr'>modicus</span> <span class='ocrx_word' id='word_1_123' title='bbox 564 1569 615 1620; x_wconf 87' lang='lat' dir='ltr'>est.</span> <span class='ocrx_word' id='word_1_124' title='bbox 640 1564 710 1619; x_wconf 86' lang='lat' dir='ltr'>Post</span> <span class='ocrx_word' id='word_1_125' title='bbox 726 1566 869 1634; x_wconf 91' lang='lat' dir='ltr'>paululum</span> <span class='ocrx_word' id='word_1_126' title='bbox 886 1570 914 1620; x_wconf 89' lang='lat' dir='ltr'>te</span> <span class='ocrx_word' id='word_1_127' title='bbox 931 1567 1035 1620; x_wconf 89' lang='lat' dir='ltr'>uidebo</span> <span class='ocrx_word' id='word_1_128' title='bbox 1053 1563 1229 1635; x_wconf 78' lang='lat' dir='ltr'>[paululum],</span> 
     </span>
     <span class='ocr_line' id='line_1_16' title="bbox 298 1649 1018 1718; baseline 0 -15"><span class='ocrx_word' id='word_1_129' title='bbox 298 1650 384 1717; x_wconf 90' lang='lat' dir='ltr'>paulo</span> <span class='ocrx_word' id='word_1_130' title='bbox 396 1653 499 1718; x_wconf 89' lang='lat' dir='ltr'>postte</span> <span class='ocrx_word' id='word_1_131' title='bbox 511 1650 625 1704; x_wconf 92' lang='lat' dir='ltr'>uidebo:</span> <span class='ocrx_word' id='word_1_132' title='bbox 638 1650 723 1717; x_wconf 90' lang='lat' dir='ltr'>paulo</span> <span class='ocrx_word' id='word_1_133' title='bbox 736 1653 809 1718; x_wconf 89' lang='lat' dir='ltr'>post,</span> <span class='ocrx_word' id='word_1_134' title='bbox 822 1649 933 1703; x_wconf 91' lang='lat' dir='ltr'>modico</span> <span class='ocrx_word' id='word_1_135' title='bbox 946 1653 1018 1717; x_wconf 90' lang='lat' dir='ltr'>post.</span> 
     </span>
     <span class='ocr_line' id='line_1_17' title="bbox 358 1733 1230 1803; baseline -0.003 -15"><span class='ocrx_word' id='word_1_136' title='bbox 358 1735 383 1789; x_wconf 84' lang='lat'>5.</span> <span class='ocrx_word' id='word_1_137' title='bbox 401 1735 477 1803; x_wconf 84' lang='lat' dir='ltr'>Ergo</span> <span class='ocrx_word' id='word_1_138' title='bbox 493 1734 608 1788; x_wconf 86' lang='lat' dir='ltr'>Paulum</span> <span class='ocrx_word' id='word_1_139' title='bbox 623 1734 724 1800; x_wconf 89' lang='lat' dir='ltr'>uidete,</span> <span class='ocrx_word' id='word_1_140' title='bbox 740 1736 794 1787; x_wconf 89' lang='lat' dir='ltr'>iam</span> <span class='ocrx_word' id='word_1_141' title='bbox 810 1734 915 1787; x_wconf 91' lang='lat' dir='ltr'>dudum</span> <span class='ocrx_word' id='word_1_142' title='bbox 930 1733 1052 1800; x_wconf 83' lang='lat' dir='ltr'>Saulum,</span> <span class='ocrx_word' id='word_1_143' title='bbox 1067 1734 1230 1801; x_wconf 88' lang='lat' dir='ltr'>sanguinem</span> 
     </span>
     <span class='ocr_line' id='line_1_18' title="bbox 298 1817 1231 1886; baseline -0.001 -15"><span class='ocrx_word' id='word_1_144' title='bbox 298 1819 437 1873; x_wconf 88' lang='lat' dir='ltr'>sitientem</span> <span class='ocrx_word' id='word_1_145' title='bbox 453 1822 480 1872; x_wconf 89' lang='lat' dir='ltr'>et</span> <span class='ocrx_word' id='word_1_146' title='bbox 494 1820 593 1873; x_wconf 89' lang='lat' dir='ltr'>caedes</span> <span class='ocrx_word' id='word_1_147' title='bbox 608 1819 790 1886; x_wconf 82' lang='lat' dir='ltr'>anhelantem,</span> <span class='ocrx_word' id='word_1_148' title='bbox 807 1818 892 1873; x_wconf 93' lang='lat' dir='ltr'>modo</span> <span class='ocrx_word' id='word_1_149' title='bbox 908 1820 999 1872; x_wconf 89' lang='lat' dir='ltr'>autem</span> <span class='ocrx_word' id='word_1_150' title='bbox 1014 1817 1139 1872; x_wconf 81' lang='lat' dir='ltr'>Paulum.</span> <span class='ocrx_word' id='word_1_151' title='bbox 1163 1818 1231 1886; x_wconf 85' lang='lat' dir='ltr'>Ego</span> 
     </span>
     <span class='ocr_line' id='line_1_19' title="bbox 298 1902 1360 1971; baseline -0.004 -15"><span class='ocrx_word' id='word_1_152' title='bbox 298 1919 366 1957; x_wconf 89' lang='lat' dir='ltr'>sum</span> <span class='ocrx_word' id='word_1_153' title='bbox 390 1905 588 1958; x_wconf 91' lang='lat' dir='ltr'>nouissimus</span> <span class='ocrx_word' id='word_1_154' title='bbox 611 1904 843 1971; x_wconf 89' lang='lat' dir='ltr'>apostolorum:</span> <span class='ocrx_word' id='word_1_155' title='bbox 873 1919 987 1971; x_wconf 91' lang='lat' dir='ltr'>prorsus</span> <span class='ocrx_word' id='word_1_156' title='bbox 1012 1904 1149 1970; x_wconf 85' lang='lat' dir='ltr'>minimus,</span> <span class='ocrx_word' id='word_1_157' title='bbox 1180 1902 1274 1956; x_wconf 82' lang='lat' dir='ltr'>sedno</span> <span class='ocrx_word' id='word_1_158' title='bbox 1359 1934 1360 1937; x_wconf 55' lang='lat'><em>=</em></span> 
     </span>
     <span class='ocr_line' id='line_1_20' title="bbox 298 1986 1230 2043; baseline -0.002 -2"><span class='ocrx_word' id='word_1_159' title='bbox 298 1988 505 2043; x_wconf 89' lang='lat' dir='ltr'>saluberrimus.</span> <span class='ocrx_word' id='word_1_160' title='bbox 528 1989 657 2042; x_wconf 82' lang='lat' dir='ltr'>Fortasse</span> <span class='ocrx_word' id='word_1_161' title='bbox 677 1989 704 2042; x_wconf 90' lang='lat' dir='ltr'>in</span> <span class='ocrx_word' id='word_1_162' title='bbox 724 1991 801 2042; x_wconf 90' lang='lat' dir='ltr'>ueste</span> <span class='ocrx_word' id='word_1_163' title='bbox 821 1989 927 2042; x_wconf 93' lang='lat' dir='ltr'>domini</span> <span class='ocrx_word' id='word_1_164' title='bbox 947 1989 1076 2041; x_wconf 90' lang='lat' dir='ltr'>minimus</span> <span class='ocrx_word' id='word_1_165' title='bbox 1096 1989 1148 2040; x_wconf 87' lang='lat' dir='ltr'>iste</span> <span class='ocrx_word' id='word_1_166' title='bbox 1167 1986 1230 2039; x_wconf 86' lang='lat' dir='ltr'>iim-</span> 
     </span>
     <span class='ocr_line' id='line_1_21' title="bbox 242 2070 1230 2144; baseline 0.002 -22"><span class='ocrx_word' id='word_1_167' title='bbox 242 2084 287 2121; x_wconf 68' lang='grc' dir='ltr'>ην</span> <span class='ocrx_word' id='word_1_168' title='bbox 297 2074 387 2126; x_wconf 91' lang='lat' dir='ltr'>brium</span> <span class='ocrx_word' id='word_1_169' title='bbox 401 2073 466 2127; x_wconf 84' lang='lat' dir='ltr'>luit:</span> <span class='ocrx_word' id='word_1_170' title='bbox 479 2075 531 2127; x_wconf 93' lang='lat' dir='ltr'>hoc</span> <span class='ocrx_word' id='word_1_171' title='bbox 544 2074 641 2127; x_wconf 90' lang='lat' dir='ltr'>mulier</span> <span class='ocrx_word' id='word_1_172' title='bbox 653 2073 702 2127; x_wconf 92' lang='lat' dir='ltr'>illa</span> <span class='ocrx_word' id='word_1_173' title='bbox 713 2075 813 2141; x_wconf 89' lang='lat' dir='ltr'>tetigit,</span> <span class='ocrx_word' id='word_1_174' title='bbox 826 2076 854 2127; x_wconf 87' lang='lat' dir='ltr'>et</span> <span class='ocrx_word' id='word_1_175' title='bbox 866 2091 881 2127; x_wconf 91' lang='lat' dir='ltr'>a</span> <span class='ocrx_word' id='word_1_176' title='bbox 895 2074 975 2126; x_wconf 83' lang='lat' dir='ltr'>fluxu</span> <span class='ocrx_word' id='word_1_177' title='bbox 989 2070 1150 2144; x_wconf 77' lang='lat' dir='ltr'>{sanguinis</span> <span class='ocrx_word' id='word_1_178' title='bbox 1163 2071 1230 2125; x_wconf 93' lang='lat' dir='ltr'>libe-</span> 
     </span>
     <span class='ocr_line' id='line_1_22' title="bbox 297 2156 1230 2226; baseline -0.002 -16"><span class='ocrx_word' id='word_1_179' title='bbox 297 2160 357 2210; x_wconf 87' lang='lat' dir='ltr'>rata</span> <span class='ocrx_word' id='word_1_180' title='bbox 368 2160 419 2224; x_wconf 86' lang='lat' dir='ltr'>est,</span> <span class='ocrx_word' id='word_1_181' title='bbox 429 2160 457 2210; x_wconf 93' lang='lat' dir='ltr'>in</span> <span class='ocrx_word' id='word_1_182' title='bbox 469 2174 522 2225; x_wconf 88' lang='lat' dir='ltr'>qua</span> <span class='ocrx_word' id='word_1_183' title='bbox 533 2161 591 2211; x_wconf 89' lang='lat' dir='ltr'>erat</span> <span class='ocrx_word' id='word_1_184' title='bbox 601 2158 731 2211; x_wconf 87' lang='lat' dir='ltr'>ecclesiae</span> <span class='ocrx_word' id='word_1_185' title='bbox 741 2159 865 2225; x_wconf 91' lang='lat' dir='ltr'>gentium</span> <span class='ocrx_word' id='word_1_186' title='bbox 875 2157 977 2226; x_wconf 80' lang='lat' dir='ltr'>figura.</span> <span class='ocrx_word' id='word_1_187' title='bbox 994 2156 1039 2211; x_wconf 77' lang='lat' dir='ltr'>Ad</span> <span class='ocrx_word' id='word_1_188' title='bbox 1049 2160 1146 2224; x_wconf 86' lang='lat' dir='ltr'>gentes</span> <span class='ocrx_word' id='word_1_189' title='bbox 1157 2157 1230 2209; x_wconf 91' lang='lat' dir='ltr'>enim</span> 
     </span>
     <span class='ocr_line' id='line_1_23' title="bbox 145 2240 1229 2310; baseline 0.001 -17"><span class='ocrx_word' id='word_1_190' title='bbox 145 2254 289 2307; x_wconf 60' lang='lat' dir='ltr'>puniuntur</span> <span class='ocrx_word' id='word_1_191' title='bbox 298 2242 400 2293; x_wconf 92' lang='lat' dir='ltr'>missus</span> <span class='ocrx_word' id='word_1_192' title='bbox 414 2244 457 2294; x_wconf 87' lang='lat' dir='ltr'>est</span> <span class='ocrx_word' id='word_1_193' title='bbox 472 2240 574 2294; x_wconf 86' lang='lat' dir='ltr'>Paulus</span> <span class='ocrx_word' id='word_1_194' title='bbox 589 2243 713 2295; x_wconf 90' lang='lat' dir='ltr'>modicus</span> <span class='ocrx_word' id='word_1_195' title='bbox 727 2257 790 2296; x_wconf 90' lang='lat' dir='ltr'>cum</span> <span class='ocrx_word' id='word_1_196' title='bbox 802 2243 899 2297; x_wconf 90' lang='lat' dir='ltr'>salute.</span> <span class='ocrx_word' id='word_1_197' title='bbox 922 2241 1049 2310; x_wconf 89' lang='lat' dir='ltr'>Denique</span> <span class='ocrx_word' id='word_1_198' title='bbox 1062 2242 1115 2296; x_wconf 88' lang='lat' dir='ltr'>hoc</span> <span class='ocrx_word' id='word_1_199' title='bbox 1128 2243 1229 2308; x_wconf 67' lang='lat' dir='ltr'>sciatis</span> 
     </span>
     <span class='ocr_line' id='line_1_24' title="bbox 156 2301 1273 2393; baseline -0.004 -14"><span class='ocrx_word' id='word_1_200' title='bbox 156 2301 276 2331; x_wconf 49' lang='lat' dir='ltr'>mmm</span> <span class='ocrx_word' id='word_1_201' title='bbox 298 2327 359 2392; x_wconf 90' lang='lat' dir='ltr'>ipsa</span> <span class='ocrx_word' id='word_1_202' title='bbox 381 2326 487 2393; x_wconf 88' lang='lat' dir='ltr'>mulier,</span> <span class='ocrx_word' id='word_1_203' title='bbox 509 2342 578 2393; x_wconf 87' lang='lat' dir='ltr'>quae</span> <span class='ocrx_word' id='word_1_204' title='bbox 599 2327 690 2393; x_wconf 86' lang='lat' dir='ltr'>tetigit</span> <span class='ocrx_word' id='word_1_205' title='bbox 711 2326 853 2380; x_wconf 77' lang='lat' dir='ltr'>fimbriam</span> <span class='ocrx_word' id='word_1_206' title='bbox 874 2327 989 2392; x_wconf 90' lang='lat' dir='ltr'>domini,</span> <span class='ocrx_word' id='word_1_207' title='bbox 1011 2327 1138 2392; x_wconf 87' lang='lat' dir='ltr'>ignorata</span> <span class='ocrx_word' id='word_1_208' title='bbox 1158 2328 1273 2379; x_wconf 75' lang='lat' dir='ltr'>estana</span> 
     </span>
     <span class='ocr_line' id='line_1_25' title="bbox 297 2408 1230 2478; baseline -0.001 -15"><span class='ocrx_word' id='word_1_209' title='bbox 297 2410 422 2477; x_wconf 85' lang='lat' dir='ltr'>dominc,</span> <span class='ocrx_word' id='word_1_210' title='bbox 444 2411 494 2464; x_wconf 93' lang='lat' dir='ltr'>sed</span> <span class='ocrx_word' id='word_1_211' title='bbox 514 2412 653 2478; x_wconf 84' lang='lat' dir='ltr'>ignoratio</span> <span class='ocrx_word' id='word_1_212' title='bbox 674 2412 779 2464; x_wconf 91' lang='lat' dir='ltr'>domini</span> <span class='ocrx_word' id='word_1_213' title='bbox 801 2411 894 2478; x_wconf 84' lang='lat' dir='ltr'>ligura</span> <span class='ocrx_word' id='word_1_214' title='bbox 915 2413 965 2464; x_wconf 88' lang='lat' dir='ltr'>est.</span> <span class='ocrx_word' id='word_1_215' title='bbox 992 2408 1070 2472; x_wconf 87' lang='lat' dir='ltr'>Quid</span> <span class='ocrx_word' id='word_1_216' title='bbox 1090 2410 1162 2464; x_wconf 90' lang='lat' dir='ltr'>enim</span> <span class='ocrx_word' id='word_1_217' title='bbox 1183 2409 1230 2462; x_wconf 93' lang='lat' dir='ltr'>ille</span> 
     </span>
     <span class='ocr_line' id='line_1_26' title="bbox 297 2494 1229 2562; baseline 0 -16"><span class='ocrx_word' id='word_1_218' title='bbox 297 2495 463 2548; x_wconf 62' lang='lat' dir='ltr'>nesciebat?</span> <span class='ocrx_word' id='word_1_219' title='bbox 491 2494 527 2548; x_wconf 85' lang='lat' dir='ltr'>Et</span> <span class='ocrx_word' id='word_1_220' title='bbox 546 2497 646 2562; x_wconf 86' lang='lat' dir='ltr'>tamen,</span> <span class='ocrx_word' id='word_1_221' title='bbox 669 2496 733 2562; x_wconf 88' lang='lat' dir='ltr'>quia</span> <span class='ocrx_word' id='word_1_222' title='bbox 755 2494 802 2547; x_wconf 93' lang='lat' dir='ltr'>illa</span> <span class='ocrx_word' id='word_1_223' title='bbox 824 2495 922 2548; x_wconf 92' lang='lat' dir='ltr'>mulier</span> <span class='ocrx_word' id='word_1_224' title='bbox 943 2495 1084 2548; x_wconf 87' lang='lat' dir='ltr'>ecclesiam</span> <span class='ocrx_word' id='word_1_225' title='bbox 1105 2495 1229 2562; x_wconf 88' lang='lat' dir='ltr'>gentium</span> 
     </span>
     <span class='ocr_line' id='line_1_27' title="bbox 297 2579 1230 2647; baseline 0.002 -17"><span class='ocrx_word' id='word_1_226' title='bbox 297 2579 485 2646; x_wconf 86' lang='lat' dir='ltr'>significabat,</span> <span class='ocrx_word' id='word_1_227' title='bbox 499 2579 546 2632; x_wconf 93' lang='lat' dir='ltr'>ubi</span> <span class='ocrx_word' id='word_1_228' title='bbox 561 2579 690 2633; x_wconf 91' lang='lat' dir='ltr'>dominus</span> <span class='ocrx_word' id='word_1_229' title='bbox 705 2582 862 2647; x_wconf 89' lang='lat' dir='ltr'>praesentia</span> <span class='ocrx_word' id='word_1_230' title='bbox 875 2580 1014 2647; x_wconf 87' lang='lat' dir='ltr'>corporali</span> <span class='ocrx_word' id='word_1_231' title='bbox 1028 2596 1083 2633; x_wconf 93' lang='lat' dir='ltr'>non</span> <span class='ocrx_word' id='word_1_232' title='bbox 1098 2583 1164 2646; x_wconf 90' lang='lat' dir='ltr'>erat,</span> <span class='ocrx_word' id='word_1_233' title='bbox 1179 2580 1230 2633; x_wconf 90' lang='lat' dir='ltr'>sed</span> 
     </span>
     <span class='ocr_line' id='line_1_28' title="bbox 296 2663 1228 2731; baseline -0.001 -15"><span class='ocrx_word' id='word_1_234' title='bbox 296 2679 346 2731; x_wconf 88' lang='lat' dir='ltr'>per</span> <span class='ocrx_word' id='word_1_235' title='bbox 369 2664 523 2731; x_wconf 89' lang='lat' dir='ltr'>discipulos</span> <span class='ocrx_word' id='word_1_236' title='bbox 546 2664 583 2716; x_wconf 91' lang='lat' dir='ltr'>ibi</span> <span class='ocrx_word' id='word_1_237' title='bbox 608 2665 674 2730; x_wconf 92' lang='lat' dir='ltr'>erat,</span> <span class='ocrx_word' id='word_1_238' title='bbox 698 2664 746 2717; x_wconf 92' lang='lat' dir='ltr'>ubi</span> <span class='ocrx_word' id='word_1_239' title='bbox 771 2663 884 2717; x_wconf 90' lang='lat' dir='ltr'>fimbria</span> <span class='ocrx_word' id='word_1_240' title='bbox 908 2664 967 2716; x_wconf 91' lang='lat' dir='ltr'>eius</span> <span class='ocrx_word' id='word_1_241' title='bbox 990 2665 1157 2730; x_wconf 83' lang='lat' dir='ltr'>tangeretur,</span> <span class='ocrx_word' id='word_1_242' title='bbox 1181 2664 1228 2728; x_wconf 88' lang='lat' dir='ltr'>ait,</span> 
     </span>
     <span class='ocr_line' id='line_1_29' title="bbox 296 2746 1273 2816; baseline 0 -15"><span class='ocrx_word' id='word_1_243' title='bbox 296 2746 377 2810; x_wconf 85' lang='lat' dir='ltr'>Quis</span> <span class='ocrx_word' id='word_1_244' title='bbox 397 2764 443 2801; x_wconf 92' lang='lat' dir='ltr'>me</span> <span class='ocrx_word' id='word_1_245' title='bbox 462 2749 590 2815; x_wconf 81' lang='lat' dir='ltr'>tetigit?</span> <span class='ocrx_word' id='word_1_246' title='bbox 611 2748 646 2801; x_wconf 84' lang='lat' dir='ltr'>Et</span> <span class='ocrx_word' id='word_1_247' title='bbox 659 2748 793 2816; x_wconf 88' lang='lat' dir='ltr'>apostoli:</span> <span class='ocrx_word' id='word_1_248' title='bbox 813 2748 938 2802; x_wconf 87' lang='lat' dir='ltr'>Turbae</span> <span class='ocrx_word' id='word_1_249' title='bbox 957 2751 987 2802; x_wconf 91' lang='lat' dir='ltr'>te</span> <span class='ocrx_word' id='word_1_250' title='bbox 1006 2750 1227 2816; x_wconf 87' lang='lat' dir='ltr'>comprimunt,</span> <span class='ocrx_word' id='word_1_251' title='bbox 1238 2759 1273 2796; x_wconf 78' lang='lat'>17⁰</span> 
     </span>
     <span class='ocr_line' id='line_1_30' title="bbox 295 2830 1227 2899; baseline -0.001 -15"><span class='ocrx_word' id='word_1_252' title='bbox 295 2834 326 2885; x_wconf 90' lang='lat' dir='ltr'>et</span> <span class='ocrx_word' id='word_1_253' title='bbox 342 2833 436 2899; x_wconf 90' lang='lat' dir='ltr'>dicis,</span> <span class='ocrx_word' id='word_1_254' title='bbox 451 2830 532 2898; x_wconf 63' lang='lat' dir='ltr'>,Quis</span> <span class='ocrx_word' id='word_1_255' title='bbox 548 2849 594 2885; x_wconf 91' lang='lat' dir='ltr'>me</span> <span class='ocrx_word' id='word_1_256' title='bbox 610 2833 739 2899; x_wconf 83' lang='lat' dir='ltr'>tetigit?</span> <span class='ocrx_word' id='word_1_257' title='bbox 763 2832 801 2885; x_wconf 85' lang='lat' dir='ltr'>Et</span> <span class='ocrx_word' id='word_1_258' title='bbox 817 2832 883 2884; x_wconf 89' lang='lat' dir='ltr'>ille:</span> <span class='ocrx_word' id='word_1_259' title='bbox 899 2831 1023 2898; x_wconf 87' lang='lat' dir='ltr'>Tetigit</span> <span class='ocrx_word' id='word_1_260' title='bbox 1038 2846 1084 2884; x_wconf 87' lang='lat' dir='ltr'>me</span> <span class='ocrx_word' id='word_1_261' title='bbox 1101 2831 1227 2897; x_wconf 89' lang='lat' dir='ltr'>aliquis.</span> 
     </span>
     <span class='ocr_line' id='line_1_31' title="bbox 293 2915 1228 2983; baseline -0.002 -15"><span class='ocrx_word' id='word_1_262' title='bbox 293 2915 406 2969; x_wconf 86' lang='lat' dir='ltr'>Turbae</span> <span class='ocrx_word' id='word_1_263' title='bbox 425 2918 560 2983; x_wconf 88' lang='lat' dir='ltr'>premunt,</span> <span class='ocrx_word' id='word_1_264' title='bbox 578 2916 652 2969; x_wconf 85' lang='lat' dir='ltr'>fides</span> <span class='ocrx_word' id='word_1_265' title='bbox 669 2917 768 2982; x_wconf 90' lang='lat' dir='ltr'>tangit.</span> <span class='ocrx_word' id='word_1_266' title='bbox 795 2915 914 2982; x_wconf 71' lang='lat' dir='ltr'>Fratres</span> <span class='ocrx_word' id='word_1_267' title='bbox 933 2917 1022 2968; x_wconf 86' lang='lat' dir='ltr'>estote</span> <span class='ocrx_word' id='word_1_268' title='bbox 1039 2915 1074 2967; x_wconf 91' lang='lat' dir='ltr'>de</span> <span class='ocrx_word' id='word_1_269' title='bbox 1091 2915 1228 2981; x_wconf 86' lang='lat' dir='ltr'>tangenti-</span> 
     </span>
     <span class='ocr_line' id='line_1_32' title="bbox 294 2999 1227 3068; baseline -0.003 -15"><span class='ocrx_word' id='word_1_270' title='bbox 294 3000 355 3067; x_wconf 91' lang='lat' dir='ltr'>bus,</span> <span class='ocrx_word' id='word_1_271' title='bbox 374 3017 430 3053; x_wconf 93' lang='lat' dir='ltr'>non</span> <span class='ocrx_word' id='word_1_272' title='bbox 449 3000 484 3053; x_wconf 88' lang='lat' dir='ltr'>de</span> <span class='ocrx_word' id='word_1_273' title='bbox 503 3001 699 3067; x_wconf 89' lang='lat' dir='ltr'>prementibus.</span> <span class='ocrx_word' id='word_1_274' title='bbox 730 3000 802 3064; x_wconf 89' lang='lat' dir='ltr'>Quis</span> <span class='ocrx_word' id='word_1_275' title='bbox 821 3011 864 3053; x_wconf 86' lang='lat' dir='ltr'>me</span> <span class='ocrx_word' id='word_1_276' title='bbox 881 3001 992 3068; x_wconf 85' lang='lat' dir='ltr'>tetigit?</span> <span class='ocrx_word' id='word_1_277' title='bbox 1017 3001 1044 3053; x_wconf 87' lang='lat' dir='ltr'>et</span> <span class='ocrx_word' id='word_1_278' title='bbox 1061 2999 1166 3066; x_wconf 89' lang='lat' dir='ltr'>Tetigit</span> <span class='ocrx_word' id='word_1_279' title='bbox 1184 3014 1227 3050; x_wconf 90' lang='lat' dir='ltr'>me</span> 
     </span>
     <span class='ocr_line' id='line_1_33' title="bbox 295 3084 1228 3154; baseline -0.003 -16"><span class='ocrx_word' id='word_1_280' title='bbox 295 3086 404 3153; x_wconf 87' lang='lat' dir='ltr'>aliquis.</span> <span class='ocrx_word' id='word_1_281' title='bbox 435 3085 577 3154; x_wconf 87' lang='lat' dir='ltr'>Ignoranti</span> <span class='ocrx_word' id='word_1_282' title='bbox 598 3085 696 3139; x_wconf 90' lang='lat' dir='ltr'>similis</span> <span class='ocrx_word' id='word_1_283' title='bbox 718 3084 856 3152; x_wconf 90' lang='lat' dir='ltr'>Christus,</span> <span class='ocrx_word' id='word_1_284' title='bbox 879 3084 1055 3152; x_wconf 82' lang='lat' dir='ltr'>significans:</span> <span class='ocrx_word' id='word_1_285' title='bbox 1077 3099 1133 3137; x_wconf 93' lang='lat' dir='ltr'>non</span> <span class='ocrx_word' id='word_1_286' title='bbox 1153 3087 1228 3135; x_wconf 87' lang='lat' dir='ltr'>men-</span> 
     </span>
     <span class='ocr_line' id='line_1_34' title="bbox 293 3168 1271 3238; baseline -0.006 -15"><span class='ocrx_word' id='word_1_287' title='bbox 293 3171 374 3237; x_wconf 69' lang='lat' dir='ltr'>tiens</span> <span class='ocrx_word' id='word_1_288' title='bbox 396 3170 446 3223; x_wconf 89' lang='lat' dir='ltr'>sed</span> <span class='ocrx_word' id='word_1_289' title='bbox 466 3169 641 3238; x_wconf 86' lang='lat' dir='ltr'>significans:</span> <span class='ocrx_word' id='word_1_290' title='bbox 662 3171 729 3237; x_wconf 87' lang='lat' dir='ltr'>quid</span> <span class='ocrx_word' id='word_1_291' title='bbox 749 3169 934 3237; x_wconf 79' lang='lat' dir='ltr'>significans?</span> <span class='ocrx_word' id='word_1_292' title='bbox 961 3168 1117 3236; x_wconf 85' lang='lat' dir='ltr'>Populus,</span> <span class='ocrx_word' id='word_1_293' title='bbox 1138 3180 1271 3234; x_wconf 73' lang='lat' dir='ltr'>quemnr</span> 
     </span>
     <span class='ocr_line' id='line_1_35' title="bbox 295 3253 1228 3321; baseline -0.001 -14"><span class='ocrx_word' id='word_1_294' title='bbox 295 3270 355 3308; x_wconf 93' lang='lat' dir='ltr'>non</span> <span class='ocrx_word' id='word_1_295' title='bbox 366 3255 515 3321; x_wconf 90' lang='lat' dir='ltr'>cognoui,</span> <span class='ocrx_word' id='word_1_296' title='bbox 527 3256 663 3307; x_wconf 91' lang='lat' dir='ltr'>seruiuit</span> <span class='ocrx_word' id='word_1_297' title='bbox 673 3254 757 3307; x_wconf 88' lang='lat' dir='ltr'>mihi.</span> <span class='ocrx_word' id='word_1_298' title='bbox 770 3253 823 3307; x_wconf 91' lang='lat' dir='ltr'>Dic</span> <span class='ocrx_word' id='word_1_299' title='bbox 833 3269 908 3320; x_wconf 90' lang='lat' dir='ltr'>ergo,</span> <span class='ocrx_word' id='word_1_300' title='bbox 921 3253 1057 3321; x_wconf 82' lang='lat' dir='ltr'>apostole,</span> <span class='ocrx_word' id='word_1_301' title='bbox 1069 3254 1228 3306; x_wconf 89' lang='lat' dir='ltr'>imminente</span> 
     </span>
     <span class='ocr_line' id='line_1_36' title="bbox 294 3336 1227 3406; baseline -0.003 -14"><span class='ocrx_word' id='word_1_302' title='bbox 294 3340 434 3406; x_wconf 88' lang='lat' dir='ltr'>passione,</span> <span class='ocrx_word' id='word_1_303' title='bbox 453 3338 558 3391; x_wconf 90' lang='lat' dir='ltr'>laboris</span> <span class='ocrx_word' id='word_1_304' title='bbox 576 3339 714 3405; x_wconf 90' lang='lat' dir='ltr'>inpensor,</span> <span class='ocrx_word' id='word_1_305' title='bbox 732 3354 851 3392; x_wconf 87' lang='lat' dir='ltr'>coronae</span> <span class='ocrx_word' id='word_1_306' title='bbox 869 3340 923 3391; x_wconf 86' lang='lat' dir='ltr'>iam</span> <span class='ocrx_word' id='word_1_307' title='bbox 942 3340 1060 3403; x_wconf 87' lang='lat' dir='ltr'>exactor,</span> <span class='ocrx_word' id='word_1_308' title='bbox 1078 3337 1134 3389; x_wconf 91' lang='lat' dir='ltr'>dic:</span> <span class='ocrx_word' id='word_1_309' title='bbox 1160 3336 1227 3404; x_wconf 87' lang='lat' dir='ltr'>Ego</span> 
     </span>
     <span class='ocr_line' id='line_1_37' title="bbox 294 3422 1227 3489; baseline -0.001 -13"><span class='ocrx_word' id='word_1_310' title='bbox 294 3425 376 3476; x_wconf 83' lang='lat' dir='ltr'>eninr</span> <span class='ocrx_word' id='word_1_311' title='bbox 396 3425 456 3476; x_wconf 90' lang='lat' dir='ltr'>iam</span> <span class='ocrx_word' id='word_1_312' title='bbox 475 3422 633 3489; x_wconf 88' lang='lat' dir='ltr'>immolor,</span> <span class='ocrx_word' id='word_1_313' title='bbox 653 3424 683 3475; x_wconf 90' lang='lat' dir='ltr'>et</span> <span class='ocrx_word' id='word_1_314' title='bbox 701 3425 826 3489; x_wconf 90' lang='lat' dir='ltr'>tempus</span> <span class='ocrx_word' id='word_1_315' title='bbox 846 3422 1058 3475; x_wconf 89' lang='lat' dir='ltr'>resolutionis</span> <span class='ocrx_word' id='word_1_316' title='bbox 1077 3437 1162 3475; x_wconf 89' lang='lat' dir='ltr'>meae</span> <span class='ocrx_word' id='word_1_317' title='bbox 1182 3423 1227 3475; x_wconf 91' lang='lat' dir='ltr'>in-</span> 
     </span>
    </p>
   </div>
   <div class='ocr_carea' id='block_1_3' title="bbox 293 3541 328 3593">
    <p class='ocr_par' dir='ltr' id='par_1_3' title="bbox 293 3541 328 3593">
     <span class='ocr_line' id='line_1_38' title="bbox 293 3541 328 3593; baseline 0 0"><span class='ocrx_word' id='word_1_318' title='bbox 293 3541 328 3593; x_wconf 82' lang='lat'>98</span> 
     </span>
    </p>
   </div>
   <div class='ocr_carea' id='block_1_4' title="bbox 0 0 1414 4040">
    <p class='ocr_par' dir='ltr' id='par_1_4' title="bbox 0 0 1414 4040">
     <span class='ocr_line' id='line_1_39' title="bbox 0 0 1414 4040; baseline 0 3"><span class='ocrx_word' id='word_1_319' title='bbox 0 0 1414 4040; x_wconf 95' lang='lat' dir='ltr'> </span> 
     </span>
    </p>
   </div>
  </div>
 </body>
</html>
