2819 4040
640 336 658 373 S.
672 334 776 383 Augustini
790 335 882 373 tractatus

310 457 422 523 quando
437 458 487 510 tibi
502 459 588 525 parcit
603 459 738 525 princeps,
754 458 830 511 fidas
845 459 872 511 in
887 474 931 512 eo:
946 459 1073 526 princeps
1088 460 1242 525 principum

307 540 379 593 deus
392 542 452 608 ipse
465 545 492 594 te
506 542 682 608 a<d>iuuet,
694 544 725 595 ut
738 542 823 597 fidas.
839 543 925 596 Fidus
938 544 999 595 esto
1012 543 1047 595 de
1060 541 1131 595 lide:
1146 543 1173 594 et
1184 540 1241 594 noli

310 624 400 677 fidere
421 627 449 678 in
468 627 615 694 principes
636 629 666 679 et
687 628 717 679 in
739 626 834 680 filios
854 627 1025 692 hominum,
1046 625 1161 693 quibus
1181 642 1242 679 non
1252 639 1286 676 145

310 710 359 762 est
373 710 470 763 salus.
487 710 563 778 Ergo
578 727 627 763 nec
642 712 669 763 in
684 713 720 777 te,
736 712 800 778 quia
814 711 935 766 domini
950 712 999 763 est
1014 710 1110 763 salus.
1127 709 1199 763 Nam
1213 712 1244 763 tu

310 793 377 860 quid
395 795 433 846 sis
450 810 499 861 per
516 797 542 847 te
560 795 660 862 ipsum,
678 797 855 864 etquantum
872 796 970 848 attinet
987 793 1023 847 ad
1039 796 1067 846 te
1084 796 1182 861 ipsum,
1200 796 1243 847 uis

254 877 412 931 rssrnosse?
441 877 534 930 Exiet
553 880 689 945 spiritus
710 879 791 945 elue,
813 883 844 933 et
864 874 1059 948 reuerteturl
1075 878 1106 930 in
1127 880 1243 931 terram

309 978 408 1015 suam:
427 964 458 1015 in
476 963 533 1016 illa
551 964 602 1015 die
620 964 746 1031 perient
764 978 873 1018 omnes
890 964 1108 1031 cogitationes
1125 980 1241 1017 eorum.

310 1046 379 1099 Ecce
399 1047 475 1113 quod
493 1063 523 1100 es
541 1050 580 1114 tu,
599 1049 623 1100 si
643 1050 671 1100 in
690 1051 717 1101 te
736 1064 792 1101 non
811 1051 850 1102 sis
870 1050 923 1102 nisi
942 1051 981 1104 tu.
1005 1046 1082 1113 Quia
1100 1062 1167 1115 ergo
1186 1063 1242 1100 non
1252 1060 1287 1096 150

308 1130 394 1183 debes
417 1131 507 1184 fidere
527 1133 555 1184 in
577 1132 655 1184 lilios
677 1133 828 1198 hominum,
851 1133 951 1200 quibus
972 1148 1027 1185 non
1048 1133 1090 1184 est
1111 1131 1187 1184 salus
1208 1162 1242 1169 ν-

308 1214 384 1267 salus
403 1216 476 1267 enim
494 1231 590 1269 eorum
609 1232 665 1269 non
684 1218 727 1269 est
746 1217 773 1268 in
792 1218 832 1268 eis
852 1217 887 1270 ab
905 1219 957 1282 eis3
976 1216 1050 1269 unde
1068 1215 1172 1269 dictum
1191 1218 1242 1282 est,

310 1297 440 1352 Domini
456 1302 504 1352 est
519 1300 618 1366 saluS,
633 1302 664 1353 et
679 1316 775 1368 super
790 1301 942 1368 populum
957 1304 1043 1354 tuum
1057 1300 1242 1353 benedictio

307 1385 361 1436 tua
377 1384 449 1436 ——si
465 1400 521 1436 non
537 1384 606 1437 iidis
622 1386 649 1437 in
664 1385 833 1451 bominibus,
849 1385 949 1452 quibus
965 1401 1020 1438 non
1036 1387 1078 1437 est
1093 1383 1176 1450 salus,
1193 1399 1243 1436 nec

308 1468 335 1519 in
347 1469 374 1520 te
385 1466 475 1520 fidere
486 1467 582 1534 debes
594 1469 658 1535 quia
669 1468 754 1521 homo
765 1483 804 1534 ee,
815 1470 858 1521 cui
871 1485 926 1522 non
938 1470 981 1521 est
991 1469 1075 1521 salue.
1252 1482 1285 1518 155

398 1552 422 1605 5.
446 1550 596 1619 Responde
616 1568 696 1618 nunc,
717 1555 744 1605 et
765 1552 809 1605 dic
831 1552 909 1606 mihi:
930 1551 959 1606 Si
980 1568 1035 1605 non
1057 1552 1119 1605 lido
1141 1553 1168 1604 in
1190 1567 1241 1618 me,

308 1652 364 1688 non
376 1652 443 1703 ergo
452 1652 506 1704 ego
516 1638 663 1690 contemno
674 1639 802 1702 mortem3
813 1653 869 1690 non
880 1652 933 1704 ego
944 1636 1047 1703 impleo
1058 1638 1241 1704 praeceptum,

308 1735 341 1771 ne
352 1716 496 1773 Christum
508 1737 614 1788 negem.
631 1720 755 1786 Beatus
766 1722 855 1774 cuius
865 1721 946 1774 deus
958 1721 1053 1774 lacob
1065 1721 1242 1777 a<d>iut0r

161 1821 294 1877 neminisse
308 1806 364 1857 est.
385 1803 427 1857 Tu
440 1804 551 1871 quidem
565 1808 681 1858 mortem
694 1806 859 1858 contemnis:
873 1808 903 1858 tu
915 1804 1013 1870 credis,
1026 1806 1054 1857 et
1066 1806 1242 1871 praeceptum

154 1871 187 1949 1222*
198 1870 298 1957 ffiffl
308 1888 418 1955 imples:
439 1890 577 1941 luminas
598 1889 805 1956 persecutorum
825 1888 926 1942 calcas:
947 1891 977 1942 tu
997 1889 1082 1942 uitam
1103 1890 1241 1955 aeternam
1252 1903 1286 1940 mo

308 1973 502 2024 ardentissime
523 1973 619 2039 diligis
638 1975 666 2026 et
686 1973 839 2026 desideras,
860 1972 961 2026 Verum
983 1974 1024 2026 est
1046 1973 1110 2040 quia
1129 1977 1170 2025 tu:
1191 1973 1241 2025 sed

308 2056 432 2122 beatuS,
448 2058 538 2109 cuius
553 2057 631 2109 deus
649 2056 744 2110 Iacob
759 2057 889 2110 adiutor
903 2059 960 2110 est.
981 2056 1063 2111 Tolle
1078 2057 1241 2124 adiutorem,

307 2157 362 2193 non
385 2143 497 2195 inuenio
519 2144 572 2195 nisi
595 2143 775 2196 desertorem.
798 2141 933 2196 Desertor
954 2141 1053 2208 Adam,
1076 2142 1241 2199 a<d>iutor

307 2223 445 2279 Christus
466 2224 544 2289 Quid
558 2227 605 2279 ille
617 2227 752 2293 desertor,
767 2227 820 2279 nisi
835 2225 911 2294 quod
924 2226 949 2279 ei
963 2227 1129 2291 dictumest,
1143 2224 1240 2277 Terra

307 2325 348 2376 es,
364 2313 394 2363 et
409 2311 439 2362 in
455 2313 571 2364 terram
586 2311 669 2364 ibis?
692 2310 773 2363 Exiet
787 2312 902 2377 spiritus
918 2312 985 2377 eiuS,
1002 2313 1029 2363 et
1043 2313 1196 2364 reuertetur
1212 2311 1284 2363 inus

306 2396 407 2446 terram
416 2410 504 2448 suam.
513 2393 636 2448 rlldiutor
646 2395 832 2450 autemsubiit
843 2396 968 2461 mortem,
979 2397 1007 2447 et
1015 2394 1110 2447 docuit
1119 2395 1239 2447 contem·

307 2494 370 2530 nere
383 2478 458 2544 quod
470 2480 601 2546 suscepit.
622 2478 657 2531 Et
668 2480 706 2531 ait
718 2478 784 2531 mihi
797 2480 919 2532 adiutor:
932 2477 1076 2531 Peccatum
1088 2479 1177 2544 times,
1189 2478 1239 2530 sed

307 2562 371 2614 ideo
385 2563 427 2615 uis
441 2578 561 2629 peccare,
575 2578 608 2615 ne
623 2563 759 2616 moriaris.
775 2562 843 2616 Ecce
857 2563 949 2629 patior
962 2562 1037 2629 quod
1049 2563 1139 2615 times
1153 2560 1240 2628 Quod

305 2648 386 2699 times
403 2647 505 2712 patior;
520 2647 590 2699 illud
605 2649 679 2714 time,
696 2646 771 2714 quod
787 2663 842 2699 non
858 2647 941 2699 facio.
957 2645 1034 2709 Quid
1049 2646 1149 2700 times?
1164 2645 1240 2699 Mor-

305 2733 369 2784 tem.
390 2730 459 2783 Ecce
471 2732 569 2798 patior.
591 2731 663 2784 lllud
675 2732 749 2798 time,
762 2731 838 2798 quod
850 2747 906 2784 non
918 2731 1000 2797 iacio,
1013 2734 1162 2798 peccatum.
1178 2728 1283 2793 Quinc

306 2817 469 2880 peecatum
489 2831 550 2867 non
570 2815 659 2882 iecit,
679 2832 734 2868 nec
754 2817 904 2868 inuentus
924 2815 1019 2868 dolus
1039 2815 1069 2867 in
1089 2830 1142 2868 ore
1162 2816 1238 2868 eius.

306 2898 373 2951 Noli
389 2914 457 2965 ergo
470 2897 561 2951 facere
576 2899 651 2966 quod
666 2916 721 2952 non
737 2899 811 2965 iecit,
826 2901 853 2952 et
867 2898 924 2952 noli
939 2900 1035 2951 timere
1050 2898 1125 2966 quod
1139 2914 1239 2966 passus

305 2985 355 3036 est.
377 2982 500 3035 Mortem
520 2985 592 3035 enim
615 2999 669 3035 non
692 2983 816 3036 facturus
838 2998 876 3048 es,
898 2982 948 3035 sed
969 2998 1114 3048 passurus:
1135 2982 1238 3035 factum

304 3069 381 3119 tuum
399 3067 473 3132 time,
492 3083 547 3119 non
566 3068 725 3134 passionem
741 3070 826 3120 tuam.
850 3066 930 3119 Time
949 3067 1025 3134 quod
1043 3067 1113 3120 iacis
1130 3068 1237 3133 uolenS,

305 3167 361 3203 non
377 3151 452 3219 quod
464 3153 568 3218 pateris
582 3151 692 3205 nolens:
707 3167 762 3205 non
776 3154 803 3205 te
816 3152 917 3205 occidit
930 3167 1013 3218 mors,
1028 3153 1051 3203 si
1066 3168 1122 3204 non
1136 3153 1174 3204 sis
1188 3152 1238 3204 tibi
1248 3167 1282 3204 175

305 3254 389 3291 mors,
406 3237 600 3290 Verumtamen
617 3253 666 3290 nec
682 3238 743 3304 ipsa
760 3239 841 3302 esset,
859 3237 882 3289 si
899 3239 1039 3305 peccatum
1056 3252 1112 3289 non
1129 3236 1238 3289 fuisset.

306 3321 520 3375 Contemnenda
538 3324 588 3389 est,
606 3337 701 3374 uerum
720 3323 770 3388 est,
788 3321 920 3374 calcanda
938 3322 988 3386 est,
1007 3320 1167 3373 transitoria
1185 3321 1238 3372 est:

305 3422 388 3473 quare
397 3406 440 3458 uel
449 3406 529 3473 ipsa?
543 3405 655 3458 Utinam
664 3405 804 3473 solaipsal
817 3404 894 3468 Quid
908 3407 957 3471 est,
968 3404 1081 3458 Utinam
1090 3403 1237 3470 solaipsa?

308 3525 358 3577 140
