2819 4040
652 320 672 360 S.
685 321 791 371 Augustini
803 323 896 362 tractatus

352 444 375 488 in
392 444 475 500 altario,
490 445 512 488 in
528 456 567 488 ore
583 457 609 488 ac
624 444 696 488 fronte
711 446 731 498 2,
747 446 772 498 5;

353 519 377 560 ut
395 517 423 561 de
441 529 504 561 cruce
522 529 568 561 non
586 516 772 573 erubesceremus,

353 604 402 635 eam
423 592 451 634 in
466 591 538 635 ironie
558 590 579 635 h.
600 604 619 634 e.
640 591 661 633 in
681 590 772 646 pudoris

351 663 463 706 domicilio
472 662 638 706 conlocauimus
645 663 666 716 8,
673 663 712 714 86;
720 674 775 706 crux

354 736 449 790 Domini,
463 735 585 790 muscipula
597 734 679 780 diaboli
693 735 774 788 21,41;

352 807 403 851 ideo
423 820 468 851 non
487 808 613 865 mergimur,
634 808 685 862 quia
705 807 774 850 crucis

352 880 413 937 ligno
428 882 541 936 portamur
556 882 589 935 29,
600 882 653 932 238;
671 878 774 923 cathedra

352 954 434 997 Christi
455 956 489 998 est
508 954 531 996 in
552 952 620 1007 caelo,
643 952 694 1007 quia
713 953 774 1007 prius

353 1038 406 1070 crux
421 1026 463 1070 tuit
477 1027 499 1070 in
514 1028 572 1070 terra
587 1026 685 1080 321323
702 1027 773 1068 aratro

351 1099 423 1142 crucis
440 1098 507 1142 corda
518 1097 680 1154 proscindenda
692 1096 774 1150 Α3,5;

352 1171 380 1215 dc
401 1182 464 1215 cruce
484 1173 596 1225 tamquam
617 1169 645 1213 de
665 1168 773 1213 tribunale

351 1241 611 1292 166166661ζο61616666
621 1243 641 1297 5,
651 1243 684 1286 76.

323 1329 374 1360 cura
399 1328 471 1360 rerum
497 1316 640 1360 saecularium
665 1316 772 1371 quantum

354 1389 526 1446 6631111642.
715 1442 716 1445 Ἰ

323 1463 449 1518 Cyprianus
460 1475 473 1505 a
485 1474 552 1517 cypro
564 1473 647 1505 nomen
659 1460 726 1505 habet
739 1462 771 1516 26,

352 1537 392 1588 47;
406 1534 488 1578 Christi
501 1535 586 1578 honum
599 1534 691 1578 odorem
706 1533 773 1576 diliu-

352 1608 384 1650 dit
398 1607 501 1650 docendo
517 1606 545 1650 de
562 1606 658 1659 Christo,
675 1604 773 1649 uiuendo

352 1681 374 1723 in
389 1680 485 1735 Christo,
499 1678 614 1723 moriendo
629 1691 669 1734 pro
684 1678 773 1721 Christo

353 1754 385 1807 26,
395 1754 434 1804 493
457 1752 575 1796 confitetur
595 1752 617 1794 in
639 1751 699 1794 libris
720 1750 773 1804 suis,

356 1825 426 1880 qualis
437 1827 502 1869 antea
512 1824 591 1867 luisset
602 1825 635 1878 28,
643 1825 682 1875 26;
692 1822 773 1866 multos

353 1897 442 1952 eloquio
453 1900 559 1951 martyres
568 1896 687 1952 praemisit,
695 1895 775 1938 multos

353 1971 473 2027 praecessit
489 1969 592 2025 exemplo
611 1971 643 2024 26,
651 1970 690 2021 613
708 1970 774 2022 27,3;

353 2043 774 2100 eiusepiscopatusdeienditunitatem,

354 2117 480 2173 martyrium
508 2117 583 2160 docuit
609 2116 772 2160 confessionem

355 2192 388 2244 28,
403 2192 436 2233 29.
450 2191 502 2242 169;
515 2188 619 2232 librorum
633 2189 680 2232 eius
693 2188 774 2231 texitur

354 2262 462 2305 indiculus
481 2263 513 2316 26,
531 2262 625 2312 62-78;
643 2273 688 2303 6ο6
706 2259 773 2303 tacuit

354 2329 415 2384 quod
428 2329 487 2371 idola
499 2328 529 2371 dii
539 2341 585 2371 non
600 2329 661 2371 erant
674 2328 708 2381 28,
720 2328 772 2379 241;

354 2401 416 2444 multi
434 2411 594 2456 usquequaque
612 2399 695 2442 habent
712 2409 773 2455 mag-

353 2485 406 2516 num
421 2484 501 2528 corpus
514 2471 617 2515 librorum
633 2472 679 2515 eius
694 2472 727 2524 26,
735 2472 774 2522 783

354 2545 503 2589 membrorum
542 2556 621 2599 corpus
660 2543 773 2600 Carthago

354 2618 455 2674 possidet
470 2619 502 2673 26,
518 2619 556 2669 803
571 2617 652 2671 ubique
667 2619 773 2660 terrarum

354 2691 401 2734 eius
409 2691 492 2745 scripta
500 2690 610 2744 leguntur,
620 2690 731 2733 iestiuitas
740 2701 774 2733 ce·

352 2762 450 2807 lebratur
462 2764 495 2817 26,
508 2764 547 2814 54;
560 2761 588 2804 66
601 2773 667 2817 quam
681 2761 771 2804 iratrum

353 2847 499 2889 sororumque
526 2834 642 2878 multitudo
669 2833 773 2877 conuenit

355 2909 389 2962 27,
403 2909 431 2950 82
436 2920 442 2959 ;
456 2906 511 2950 Α616
523 2906 687 2961 proconsularia
700 2905 728 2948 de
741 2906 773 2960 ip·

353 2980 398 3023 sius
414 2979 519 3035 passione
533 2979 623 3022 recitata
638 2979 672 3033 27,
681 2979 715 3021 44.
727 2979 773 3020 107,

354 3053 401 3097 126.
414 3053 466 3103 135ς
477 3051 504 3094 ci.
516 3052 550 3106 28,
561 3052 608 3093 184.
619 3052 672 3102 200;
682 3050 739 3093 ialso
749 3063 773 3093 se

354 3124 381 3167 ad
402 3124 537 3178 Cyprianum
561 3123 667 3177 periinere
693 3122 774 3165 iactant

353 3195 455 3239 haeretici
472 3196 506 3249 28,
522 3194 555 3237 46.
572 3195 605 3237 53.
622 3195 669 3237 216.

323 3341 396 3384 Dauid
406 3342 488 3396 noster,
498 3338 599 3384 Christus
610 3339 657 3392 ΑΟ,
667 3340 715 3383 429,
726 3340 773 3382 432.

352 3415 400 3458 441.

322 3522 376 3575 230

813 445 883 490 Denis
900 445 1033 502 (Michaelis)
1050 459 1164 492 sermones
1180 461 1198 492 s.
1216 448 1259 492 hu·

841 519 931 574 gustini,
941 519 963 562 ct
972 520 1076 563 tractatus
1081 519 1258 575 Guelferbytani:

840 591 937 635 ‘'Praelat,
953 591 979 634 X.
994 591 1071 634 XXIV.
1088 592 1154 635 XXV.

812 663 870 718 ,Deo
884 664 975 722 gratias‘
989 663 1093 719 Cypriani
1108 666 1142 718 27,
1158 666 1199 709 150
1204 678 1210 717 ;
1225 667 1258 719 28,

843 739 896 789 228;
915 737 972 793 ,Deo
990 736 1075 781 laudes‘
1095 737 1258 782 Donatistarum

843 811 876 865 28,
890 811 937 854 226.

812 882 903 926 dextera
915 882 963 938 Dei,
974 884 1063 927 aeterna
1074 882 1167 926 felicitas
1177 883 1195 937 1,
1207 884 1259 935 147;

842 956 897 999 retia
913 957 935 999 in
951 955 1064 999 dexteram
1081 956 1148 1000 missa
1165 956 1217 1011 quid
1232 956 1260 999 si·

841 1028 950 1085 gnificent
963 1029 996 1084 15,
1009 1029 1044 1072 45.

813 1099 874 1143 Deus
886 1102 996 1155 potestate
1006 1099 1114 1155 deusest,
1126 1102 1188 1155 pater
1197 1099 1259 1144 boni·

842 1174 888 1216 tate
902 1174 920 1228 1,
931 1174 970 1225 553
986 1172 1028 1217 Dei
1040 1173 1201 1228 omnipotentia
1213 1173 1259 1217 uni-

841 1255 919 1288 uersae
942 1246 1052 1288 creaturae
1072 1245 1102 1288 iad
1123 1245 1166 1288 hoc
1187 1257 1261 1288 neces·

841 1317 906 1371 saria,
920 1319 945 1360 ut
957 1320 1076 1361 crearetur:
1089 1317 1161 1371 nobis,
1173 1319 1199 1361 ut
1210 1330 1259 1372 pec·

842 1391 891 1432 cata
906 1389 1001 1433 dimittat
1016 1390 1034 1444 1,
1044 1391 1083 1442 673
1101 1391 1183 1445 quanta
1198 1389 1259 1434 Deus

841 1472 887 1504 non
906 1462 983 1516 possit,
1001 1473 1059 1517 quae
1077 1462 1095 1505 si
1114 1463 1197 1516 posset,
1214 1473 1259 1504 non

841 1535 901 1576 esset
923 1533 1066 1588 omnipotens
1088 1534 1107 1587 1,
1117 1534 1156 1584 76,
1184 1532 1261 1576 crescit

841 1605 864 1647 in
884 1606 906 1648 te
926 1604 997 1659 Deus,
1013 1617 1062 1648 cunr
1082 1605 1190 1662 intellegis
1207 1616 1258 1648 eum

842 1677 939 1731 22,183;
962 1676 990 1719 de
1010 1676 1060 1720 Deo
1080 1676 1179 1720 dicamus
1199 1675 1259 1731 quod

841 1749 923 1804 docuit,
945 1749 1043 1792 dicamus
1070 1748 1130 1804 quod
1157 1750 1259 1792 nouimus

843 1822 920 1875 1,157.

812 1893 920 1948 diabolus,
935 1894 1075 1949 praepositus
1088 1894 1166 1937 mortis
1180 1895 1213 1947 21,
1220 1895 1248 1938 40
1253 1907 1259 1946 ;

843 1965 962 2008 Dominum
980 1976 1048 2009 suum
1065 1978 1110 2009 non
1130 1977 1260 2022 agnoscens,

841 2042 954 2094 tamquam
970 2038 1081 2082 hominem
1096 2038 1212 2093 temptauit
1227 2040 1260 2093 28,

842 2112 880 2163 943
904 2113 1029 2155 consortem
1048 2111 1118 2155 uoluit
1137 2112 1217 2156 habere
1237 2113 1259 2155 in

842 2185 940 2238 peccato,
951 2196 1017 2239 quem
1028 2184 1118 2227 haberet
1127 2185 1229 2228 comitem
1237 2185 1259 2228 in

841 2256 949 2310 supplicio
960 2257 993 2311 11,
1003 2257 1042 2307 423
1050 2255 1110 2298 eunde
1121 2268 1162 2299 nos
1172 2256 1261 2299 reuocat

842 2328 950 2384 diabolus,
967 2328 1004 2372 illo
1020 2329 1139 2373 deuotione
1155 2329 1260 2384 pertinaci

808 2434 809 2439 ,
842 2413 953 2443 curramus
968 2400 987 2442 Α
1000 2398 1019 2456 2,
1031 2402 1083 2452 206;
1096 2399 1168 2443 bonos
1182 2400 1261 2443 malos·

842 2485 886 2528 que
900 2472 1054 2527 persequendo
1069 2473 1115 2516 aliis
1129 2472 1195 2516 iniert
1209 2485 1260 2528 sup·

842 2544 937 2599 plicium,
954 2545 1001 2588 aliis
1015 2547 1112 2601 praestat
1128 2544 1259 2589 beneficium

842 2617 861 2658 Α
870 2618 890 2671 9,
900 2618 948 2661 305.

812 2689 866 2744 dies,
876 2701 925 2733 cum
935 2690 957 2732 in
968 2690 1050 2734 Genesi
1059 2703 1074 2737 a
1086 2689 1134 2734 luce
1140 2690 1259 2746 coeperint,

842 2773 910 2815 quare
924 2773 982 2804 nunc
995 2774 1008 2803 a
1020 2761 1067 2804 luce
1081 2763 1226 2815 conputamus
1240 2763 1259 2816 5,

841 2834 910 2885 87ss;
927 2832 975 2877 dies
992 2845 1058 2888 quem
1076 2833 1128 2876 iecit
1145 2833 1260 2887 Dominus,

841 2905 912 2960 qualis
934 2905 962 2949 sit
983 2907 1037 2961 8,6;
1062 2906 1109 2949 dies
1130 2915 1189 2949 unus
1208 2907 1260 2949 sunt

841 2990 920 3021 omnes
934 2977 1011 3022 lideles
1026 2979 1108 3033 18,14;
1123 2978 1172 3021 dies
1184 2977 1259 3021 dedic

842 3048 949 3104 Christus,
966 3049 1095 3103 antediem,
1111 3050 1147 3105 qui
1162 3050 1260 3093 condidit

842 3122 901 3165 diem
914 3123 947 3176 14,
957 3124 996 3174 92;
1011 3121 1038 3166 cf.
1053 3123 1130 3177 15,12.

812 3193 866 3249 dies,
887 3194 959 3238 Deus:
981 3207 1021 3249 per
1039 3207 1121 3238 nomen
1141 3195 1185 3238 diei
1202 3207 1260 3238 com-

842 3267 947 3311 mendare
957 3267 1046 3311 uolebat
1055 3267 1196 3323 praecipuum
1203 3280 1260 3322 opus

843 3338 885 3383 Dei
902 3341 934 3395 18,
945 3340 969 3392 6;
991 3340 1049 3395 fugit
1066 3342 1087 3383 te
1104 3340 1152 3384 dics
1168 3342 1259 3394 amatus,

842 3412 927 3459 accedit
938 3412 999 3456 Deus
1010 3412 1148 3456 desideratus
1158 3413 1192 3467 30,
1202 3414 1236 3456 37.
