2819 4040
457 379 533 418 XXXll.
547 381 576 419 De
589 381 712 419 ordinatione
726 381 812 430 episcopi

170 507 304 571 tempora,
318 502 402 556 homo
415 503 442 554 in
455 505 586 572 tempore,
600 507 630 558 ut
643 506 781 559 hominem
796 505 925 558 liberaret
938 521 953 557 a
967 505 1100 569 tempore.

169 590 251 643 Venit
264 604 362 640 sanare
374 590 509 641 tumorem
523 593 646 644 nostrum
660 608 776 659 magnus
791 592 921 644 medicus.
935 589 979 643 Ab
993 589 1100 643 oriente

169 687 256 740 usque
269 673 296 724 in
309 673 478 725 occidentem
490 689 577 739 genus
590 675 737 728 humanum
750 679 889 742 tamquam
902 689 1018 742 magnus
1031 674 1100 725 iace·

127 757 218 809 nebat
235 758 374 822 aegrotus,
391 759 418 809 et
435 772 564 823 magnum
581 759 716 812 medicum
734 758 900 825 requirebat:
918 759 993 811 misit
1009 759 1099 824 primo

170 856 271 908 pueros
289 855 355 893 suos
372 839 494 893 medicus
512 842 571 908 iste,
588 845 615 894 et
631 846 707 896 uenit
723 846 782 910 ipse
799 846 904 909 postea,
921 859 981 896 cum
999 858 1015 894 a
1032 857 1099 895 non·

169 924 253 977 nullis
265 923 467 991 desperaretur.
479 923 630 986 Quomodo
642 929 669 979 et
681 928 802 980 medicus
816 927 927 993 quando
939 927 1022 979 mittit
1034 940 1098 993 pue·

169 1024 215 1061 ros
232 1022 307 1074 suos
323 1010 401 1075 quasi
418 1007 453 1060 ad
470 1009 574 1075 aliquid
590 1010 671 1063 facile
687 1010 856 1063 iaciendum:
871 1026 931 1063 cum
948 1009 1097 1078 periculum

169 1107 299 1159 magnum
321 1092 414 1158 luerit,
435 1093 495 1158 ipse
516 1095 603 1157 uenit;
625 1095 664 1146 sic
686 1110 787 1161 magno
809 1094 931 1160 periculo
952 1093 1097 1146 laborabat

126 1190 159 1227 175
168 1190 255 1242 genus
269 1174 426 1241 humanum,
439 1176 515 1227 uitiis
528 1176 656 1229 omnibus
669 1178 832 1242 inuolutum,
846 1178 962 1229 maxime
976 1194 991 1228 a
1004 1191 1097 1243 super-

168 1260 230 1312 biae
249 1258 328 1311 fonte
346 1260 485 1311 manante:
503 1261 530 1311 et
548 1261 611 1313 ideo
629 1262 705 1313 uenit
722 1276 816 1314 curare
834 1261 922 1326 ipsam
940 1260 1096 1327 superbiam

168 1342 295 1409 exemplo
307 1358 366 1396 suo.
379 1341 517 1395 Erubesce
529 1343 617 1396 adhuc
628 1345 778 1411 superbire,
790 1343 882 1409 homo,
894 1346 1006 1410 propter
1017 1359 1096 1411 quem

167 1424 327 1478 humiliatus
340 1428 382 1478 est
395 1426 472 1479 deus.
492 1426 612 1481 Multum
626 1444 655 1480 se
668 1428 840 1480 humiliasset
853 1428 930 1493 deus,
943 1429 966 1480 si
979 1429 1096 1480 tantum·

168 1510 254 1562 modo
268 1512 425 1563 nasceretur
438 1513 550 1577 propter
564 1514 602 1563 te:
616 1510 747 1578 dignatus
762 1512 804 1563 est
817 1511 900 1562 etiam
914 1512 982 1563 mori
997 1526 1046 1577 pro
1060 1513 1095 1563 te.

126 1594 223 1647 rsoHic
240 1609 307 1661 ergo
325 1597 384 1648 erat
402 1597 428 1647 in
447 1610 524 1647 cruce
543 1597 569 1647 in
587 1596 706 1661 homine,
725 1595 838 1662 quando
857 1595 999 1661 agitabant
1015 1598 1096 1662 caput

168 1681 231 1731 ante
246 1694 351 1731 crucem
367 1681 556 1746 persecutores
574 1679 677 1745 ludaei,
693 1681 720 1731 et
735 1678 874 1731 dicebant:
890 1677 922 1730 Si
937 1679 1030 1730 iilius
1045 1680 1096 1731 dei

167 1765 227 1829 est,
242 1762 418 1816 descendat
431 1763 469 1815 de
483 1779 583 1829 cruce,
599 1766 628 1815 et
642 1763 801 1815 credimus
816 1763 852 1815 ei.
874 1761 924 1815 Ille
938 1764 1028 1814 autem
1043 1778 1096 1815 ser-

167 1846 251 1899 uabat
272 1846 462 1912 humilitatem,
483 1847 546 1899 ideo
568 1863 623 1899 non
644 1846 841 1911 descendebat:
864 1862 918 1898 non
940 1845 1097 1913 perdiderat

167 1931 328 1996 potentiam,
345 1931 394 1983 sed
410 1931 619 1983 demonstrabat
634 1931 803 1997 patientiam.
821 1928 892 1981 Nam
908 1931 997 1996 ipsum
1013 1929 1097 1982 eftec-

124 2029 158 2066 iss
167 2016 224 2066 tum
240 2015 425 2081 uirtutemque
440 2015 498 2066 eius
515 2015 644 2080 cogitate,
661 2016 688 2066 et
703 2014 797 2066 uidete
813 2028 894 2080 quam
910 2013 992 2065 facile
1008 2015 1097 2080 potuit

167 2098 201 2150 de
218 2113 295 2150 cruce
312 2098 488 2164 descendere,
506 2099 551 2164 qui
570 2099 661 2165 potuit
678 2097 713 2150 de
730 2096 857 2164 sepulcro
874 2112 1024 2163 resurgere.
1042 2096 1096 2150 Sed

166 2183 216 2235 tibi
231 2183 381 2250 humilitas,
396 2183 446 2236 tibi
462 2184 603 2250 patientia,
619 2184 642 2235 si
659 2199 714 2235 non
729 2184 787 2236 erat
801 2182 1026 2248 demonstranda,
1041 2199 1096 2235 non

166 2269 224 2320 erat
238 2268 443 2335 praecipienda:
457 2269 480 2320 si
494 2270 584 2320 autem
599 2267 792 2334 praecipienda
806 2269 864 2319 erat
877 2267 971 2332 uerbo,
985 2267 1096 2319 demon-

166 2352 278 2405 stranda
297 2354 324 2405 et
339 2352 559 2405 commendanda
576 2353 635 2405 erat
651 2351 786 2418 exemplo,
812 2351 873 2404 Hoc
890 2367 956 2417 ergo
974 2350 1096 2409 attenda-

122 2450 156 2487 roo
163 2452 223 2489 mus
236 2437 263 2488 in
275 2437 402 2490 domino:
414 2436 596 2489 humilitatem
609 2437 668 2488 eius
681 2436 833 2501 uideamus,
854 2436 966 2489 calicem
988 2431 993 2505 Ι
1011 2436 1095 2488 humi·
1105 2449 1150 2487 rsov

166 2521 252 2574 litatis
269 2522 328 2574 eius
344 2522 481 2587 bibamus,
499 2520 535 2573 ad
552 2536 614 2574 eum
631 2536 683 2573 nos
701 2523 828 2586 artemus,
846 2536 908 2573 eum
925 2519 1094 2574 meditemur.

167 2604 258 2657 Facile
269 2608 311 2657 est
320 2606 442 2673 cogitare
454 2604 647 2670 sublimitates,
658 2604 739 2657 facile
751 2606 793 2657 est
803 2603 955 2657 honoribus
966 2604 1094 2671 gaudere,

165 2687 247 2740 facile
270 2690 312 2741 est
333 2688 553 2741 assentatoribus
582 2691 609 2741 et
638 2688 829 2741 adulatoribus
853 2703 933 2741 aures
956 2688 1094 2754 praebere.

166 2771 249 2824 Ferre
270 2773 433 2838 conuicium,
455 2773 591 2838 patienter
613 2772 708 2824 audire
731 2770 921 2838 opprobrium,
944 2786 1022 2824 orare
1044 2786 1094 2837 pro

121 2867 155 2904 ios
164 2856 374 2922 contumelioso,
386 2857 429 2908 liic
439 2858 481 2908 est
491 2856 597 2908 domini
608 2855 686 2921 calin,
698 2856 749 2908 hoc
760 2857 802 2908 est
811 2857 969 2908 conuiuium
980 2855 1093 2907 domini.

166 2938 326 2992 inuitatus
347 2956 379 2992 es
400 2957 415 2992 a
436 2940 574 2992 maiore?
594 2940 702 3005 cogita
723 2940 797 3005 quia
817 2939 897 2991 talia
917 2941 947 2991 te
966 2940 1095 3004 oportet

165 3039 364 3090 praeparare.
511 3030 514 3035 '

223 3113 247 3166 6.
268 3112 424 3180 'Apostolus
445 3113 604 3165 describens
626 3114 786 3179 episcopum
807 3112 859 3166 hoc
880 3114 968 3180 primo
989 3112 1093 3179 posuit:

162 3194 225 3262 Qui
240 3197 460 3264 episcopatum
474 3196 652 3261 desiderat,
666 3196 784 3249 bonum
797 3213 878 3263 opus
891 3197 1093 3262 concupiscit.

119 3278 241 3346 200Quid
257 3283 299 3332 est
314 3280 385 3333 hoc?
407 3278 495 3342 Quasi
513 3280 699 3332 inflammauit
715 3296 811 3333 omnes
828 3280 864 3333 ad
880 3279 1094 3332 desiderandum

163 3366 361 3431 episcopatum,
381 3367 407 3416 et
426 3363 553 3416 meliores
572 3366 652 3417 erunt
670 3364 821 3417 ambitores
840 3379 920 3431 quam
938 3363 1095 3430 uerecundi,

163 3450 190 3500 et
213 3448 342 3501 meliores
364 3449 443 3500 erunt
466 3447 624 3514 arrogantia
648 3448 767 3514 quadam
791 3447 844 3500 sibi
867 3449 948 3500 etiam
972 3446 1095 3499 indebita

163 3565 196 3602 ¹⁰*
730 3578 731 3582 ’
1047 3566 1096 3618 147
