2819 4040
205 971 265 1002 Praeesl
274 972 306 1009 epi·

196 1027 256 1057 scopus,
267 1021 293 1050 sed
303 1020 316 1050 sl

221 1070 288 1106 prodest.

667 332 685 371 S.
699 332 804 381 Augustini
816 333 908 372 tractatus

397 453 422 507 3.
443 453 527 522 Ergo,
545 456 575 507 ut
592 453 713 508 breuiter
731 457 860 523 audiatis
879 457 951 509 serui
969 457 1054 510 uestri
1073 472 1178 510 sumus:
1197 459 1270 511 serui

337 538 431 604 uestri,
446 538 496 591 sed
510 540 538 591 et
551 541 678 592 conserui
692 541 790 594 uestri:
805 542 877 594 serui
889 541 976 607 uestri
991 556 1093 607 sumus,
1109 541 1159 594 sed
1173 556 1303 596 omnesne

337 636 421 675 unum
438 623 584 678 ‘dominum
602 625 747 678 habemus:
766 629 839 680 serui
857 627 942 680 uestri
961 641 1065 693 sumus,
1084 626 1179 679 sedin
1199 626 1269 694 lesu,

337 707 407 759 sicut
422 707 490 760 dicit
505 708 662 775 apostolus:
680 709 747 762 No's
764 714 867 765 autem
884 725 995 765 seruos
1010 712 1138 764 uestros
1154 726 1208 779 per
1225 709 1270 764 le-

336 796 412 846 sum.
434 791 487 845 Per
500 793 578 847 illum
592 809 686 848 sumus
701 797 783 862 serui,
798 812 847 863 per
861 812 940 864 quem
954 811 1049 849 sumus
1063 798 1090 849 et
1105 795 1195 860 liberi;
1210 797 1269 862 ipse

336 877 439 944 quippe
459 879 497 930 ait
516 879 692 932 credentibus
713 881 740 932 in
761 896 802 934 se:
824 880 856 934 Si
877 896 935 933 uos
954 880 1048 933 lilius
1068 880 1269 946 liberauerit,

335 978 409 1017 uere
429 963 524 1017 liberi
541 965 642 1018 eritis.
669 964 813 1019 Dubitaho
832 983 899 1034 ergo
919 980 1015 1019 seruus
1034 965 1097 1017 lieri
1116 981 1164 1032 per
1182 965 1301 1032 illum,o⁵

335 1062 384 1114 per
399 1063 479 1115 quem
494 1049 547 1101 nisi
562 1049 632 1101 liber
647 1049 753 1115 fierem,
768 1051 796 1102 in
811 1051 921 1118 perdita
935 1050 1067 1103 seruitute
1081 1049 1269 1102 remanerem?

337 1129 496 1199 Praepositi
516 1148 620 1199 sumuS,
638 1136 666 1186 et
685 1134 758 1186 serui
777 1144 885 1188 sumus:
905 1149 1075 1202 praesumus
1095 1133 1145 1186 sed
1164 1133 1188 1185 si
1206 1148 1269 1200 pro-

244 1227 278 1266 rol.
292 1228 327 1265 158
335 1230 439 1269 sumus.
458 1215 488 1269 ln
498 1232 554 1284 quo
564 1232 631 1284 ergo
642 1219 818 1285 praepositus
829 1219 976 1286 episcopus
987 1214 998 1289 ΙΙ
1008 1233 1104 1272 seruus
1115 1221 1165 1283 est,
1175 1218 1269 1271 uidea-

334 1315 404 1354 mus.
429 1299 460 1353 ln
477 1316 532 1368 quo
549 1303 575 1354 et
592 1303 652 1369 ipse
669 1302 808 1362 dominus.
827 1302 899 1356 Nam
916 1302 1028 1371 quando
1045 1303 1115 1355 dixit
1131 1301 1268 1369 apostolis

334 1386 401 1450 suis,
416 1382 617 1453 ,Quicumque
630 1387 700 1440 uult
715 1388 746 1439 in
762 1388 857 1440 uobis
873 1389 973 1441 maior
988 1403 1070 1453 esse,
1085 1388 1146 1440 erit
1160 1388 1300 1439 uesterru

334 1484 458 1536 seruus,
479 1486 513 1522 ne
532 1471 725 1537 indignaretur
743 1472 838 1523 seruili
859 1473 970 1525 nomine
990 1472 1109 1524 humana
1129 1470 1266 1538 superbia,

332 1554 465 1607 continuo
480 1555 641 1608 consolatus
656 1558 706 1621 est,
722 1558 749 1608 et
764 1557 912 1623 proposito
928 1556 964 1609 ad
979 1556 1135 1622 exemplum
1150 1570 1180 1609 se
1195 1556 1266 1622 ipsu,

333 1637 412 1690 adid
426 1640 502 1705 quod
515 1640 634 1693 iusserat
647 1638 820 1693 adhortatus.
834 1638 1033 1707 Quicumque
1047 1641 1077 1691 in
1091 1640 1184 1692 uobis
1197 1639 1266 1692 uult

333 1722 435 1775 maior
457 1739 539 1789 esse,
561 1725 622 1776 erit
643 1726 751 1777 uester
773 1739 894 1777 seruus.
918 1722 974 1776 Sed
996 1723 1089 1776 uidete
1112 1722 1264 1790 quomodo:

332 1806 415 1858 sicut
434 1805 528 1860 lilius
546 1808 685 1860 hominis
704 1824 766 1860 non
785 1809 873 1860 uenit
892 1809 1081 1873 ministrari,
1101 1807 1157 1861 sed
1176 1808 1297 1860 mini-75

331 1891 442 1943 strare.
454 1888 630 1956 Quaeramus
642 1891 709 1958 quid
721 1892 896 1945 ministrauit.
909 1890 938 1944 Si
950 1891 1125 1944 attendamus
1136 1906 1265 1957 corpora-

331 1972 368 2025 lia
388 1974 549 2041 ministeria,
567 1975 695 2029 uidemus
714 1977 738 2028 ei
758 1976 912 2043 discipulos
932 1977 1099 2041 ministrare;
1119 1976 1169 2029 sed
1188 1977 1264 2042 ipsos

331 2058 466 2125 mittebat,
483 2062 513 2112 ut
529 2075 607 2113 escas
624 2062 754 2126 emerent,
771 2063 802 2113 ut
819 2076 896 2113 escas
914 2061 1118 2128 praepararent.
1138 2057 1264 2126 Denique

331 2143 463 2209 seriptum
480 2144 522 2195 est
538 2144 566 2196 in
582 2143 738 2211 euangelio
755 2159 816 2197 cum
833 2145 1032 2212 propinquaret
1048 2144 1108 2197 dies
1125 2144 1264 2211 passionis

331 2226 415 2293 illius,
435 2227 565 2295 discipuli
583 2229 642 2281 eius
662 2228 791 2281 dixerunt
810 2231 847 2282 ei:
869 2228 1016 2295 Domine,
1035 2229 1088 2282 ubi
1107 2230 1156 2282 uis
1176 2242 1297 2296 pare-ao

331 2324 398 2362 mus
419 2311 479 2363 tibi
499 2312 690 2365 manducare
710 2312 847 2379 pascha?
875 2312 910 2365 Et
931 2312 1007 2365 iubet
1027 2312 1074 2365 ubi
1095 2314 1217 2379 paretur:
1238 2314 1265 2364 et

331 2396 459 2462 pergunt,
470 2397 497 2448 et
506 2398 680 2463 praeparant,
691 2399 718 2449 et
728 2397 893 2449 ministrant.
905 2395 982 2458 Quid
993 2399 1035 2449 est
1045 2411 1121 2463 ergo,
1132 2394 1207 2462 quod
1218 2395 1263 2460 ait,

331 2478 420 2533 Sicut
438 2479 532 2534 filius
549 2480 688 2534 hominis
706 2496 768 2533 non
787 2481 875 2533 uenit
892 2480 1082 2545 ministrari,
1100 2480 1157 2533 sed
1175 2481 1264 2533 mini·

331 2564 454 2618 strare?
477 2563 552 2617 nudi
574 2565 650 2632 quod
674 2565 809 2632 sequitur:
835 2564 905 2618 Non
929 2566 1029 2629 uenit,
1053 2565 1149 2631 inquit,
1174 2565 1264 2616 mini-

330 2649 440 2714 strari,
456 2649 511 2701 sed
525 2649 720 2715 ministrare,
735 2650 765 2702 et
779 2648 855 2701 dare
870 2649 1004 2702 animam
1019 2664 1106 2701 suam
1121 2650 1295 2716 redempt-85

330 2733 451 2785 tionem
471 2748 529 2799 pro
546 2734 664 2786 multis,
686 2732 755 2786 Eece
774 2733 916 2800 quomodo
936 2732 1066 2786 dominus
1086 2732 1263 2785 ministrauit:

211 2840 248 2869 mu
267 2839 287 2868 n
300 2840 313 2869 r.
330 2831 391 2870 ecee
408 2817 504 2884 quales
521 2832 617 2871 seruos
635 2833 686 2870 nos
703 2832 764 2870 esse
782 2819 928 2885 praecepit.
948 2816 1034 2870 Dedit
1050 2817 1169 2870 animam
1186 2831 1264 2869 suam

192 2897 255 2966 ⁵,fim2m
265 2896 307 2966 22¹,ss
330 2900 530 2954 redemtionem
542 2916 593 2968 pro
605 2901 710 2954 multis:
723 2901 839 2954 redemit
851 2916 911 2955 nos
924 2898 996 2967 Quis
1009 2903 1133 2954 nostrum
1146 2899 1263 2954 idoneus

215 2994 232 3015 ¹⁰
241 2994 262 3015 ¹¹⁰
274 2986 292 3016 ³⁵·
329 2987 372 3037 est
388 2985 529 3038 redemere
545 2985 684 3053 aliquem?
701 2985 779 3038 lllius
797 2985 907 3053 quidem
924 2987 1067 3052 sanguine,
1084 2985 1159 3038 illius
1175 2986 1263 3037 morte

329 3085 345 3122 a
362 3071 451 3123 morte
467 3069 583 3123 redemti
599 3085 703 3136 sumus,
721 3069 795 3123 illius
813 3069 967 3123 humilitate
984 3071 1104 3122 iacentes
1121 3068 1202 3122 erecti
1219 3080 1294 3121 suno

329 3169 401 3219 mus;
414 3153 464 3206 sed
474 3155 501 3207 et
512 3166 564 3207 nos
575 3154 708 3207 debemus
719 3154 847 3208 conferre
858 3153 1047 3221 portiunculas
1059 3154 1169 3207 nostras
1180 3168 1262 3205 mem·

328 3238 385 3289 bris
405 3237 489 3304 illius,
508 3238 572 3305 quia
590 3237 712 3291 membra
731 3237 806 3290 illius
825 3237 893 3291 facti
911 3252 1017 3291 sumus:
1037 3236 1083 3289 ille
1101 3239 1191 3303 caput,
1210 3251 1261 3289 nos

327 3337 428 3388 eorpus
448 3336 552 3375 sumus
572 3320 729 3375 Exhortans
748 3321 868 3389 denique
888 3337 939 3374 nos
959 3320 1104 3391 apostolus
1125 3319 1261 3373 lohannes

328 3406 356 3458 in
368 3405 487 3472 epistula
497 3420 547 3458 sua
558 3405 585 3458 in
596 3405 751 3472 exemplum
764 3406 878 3471 domini,
890 3407 936 3472 qui
946 3405 1063 3470 dixerat,
1075 3403 1144 3457 Erit
1155 3411 1262 3457 uester

329 3524 380 3576 144
