2819 4040
659 306 771 355 Appendlx.
791 306 882 346 Tractll.

306 429 446 482 culcabis
459 429 583 484 leonem
596 433 625 484 et
637 431 816 487 draconem.
830 431 985 498 Carissimi,
998 430 1157 495 Quoniam
1169 447 1238 500 spe-

305 514 389 566 rauit
412 515 443 566 in
465 531 522 582 me,
546 517 714 586 protegam
744 533 824 584 eum,
854 517 927 584 quia
950 516 1237 583 cognouitnomen

304 613 411 652 meum.
806 650 807 653 ,

364 684 389 737 0.
407 683 554 751 Speremus
571 700 638 752 ergo
655 686 683 737 in
700 685 825 753 domino,
843 687 870 739 et
886 684 1065 738 liberabimur
1081 700 1097 737 a
1113 683 1236 738 diabolo,

305 766 388 821 Unde
405 768 451 822 ille
466 771 586 836 reuocat,
602 769 652 822 illo
667 769 819 823 deuotione
835 770 967 837 pertinaci
983 784 1134 835 curramus3
1150 785 1166 822 a
1182 783 1280 836 quotus

304 868 356 906 nos
370 856 494 906 auertere
506 855 620 922 quaerit,
634 855 749 907 omnino
763 870 819 907 non
832 855 1003 908 deseramus:
1018 854 1085 924 quid
1098 868 1148 906 neo
1159 856 1237 921 pater

303 940 482 1007 omnipotens
498 939 674 1007 derelinquit,
689 938 725 992 de
741 940 842 1008 quibus
859 943 921 993 ante
937 940 1078 1006 cogitauit,
1094 955 1143 992 nec
1158 940 1237 1006 spiri·

167 1039 224 1070 omn
233 1039 278 1070 nous
303 1024 348 1075 tus
362 1025 482 1090 sanctus,
496 1039 566 1090 quos
579 1024 699 1080 tuendos
713 1025 826 1090 accepit.
840 1022 944 1077 Omnia
957 1022 1037 1076 nobis
1051 1023 1080 1075 in
1092 1022 1146 1075 deo
1159 1022 1237 1075 salua

150 1088 376 1174 stiffss'ssjf'ssfiflssisunt,
393 1108 416 1160 si
431 1107 506 1160 fides
521 1108 599 1161 salua
614 1110 786 1175 permaneat:
802 1110 830 1161 et
844 1124 922 1161 amor
937 1107 1069 1174 liliorum,
1085 1109 1112 1159 et
1126 1121 1237 1160 consor·

302 1192 371 1243 tium
388 1191 559 1259 angelorum,
574 1192 597 1243 si
613 1192 690 1245 uiuat
705 1192 734 1243 in
749 1191 879 1245 sensibus
895 1192 997 1245 nostris
1013 1191 1145 1244 memoria
1160 1206 1236 1258 prae·
1244 1204 1280 1241 210

301 1277 431 1342 septaris,
446 1291 498 1343 pro
511 1275 554 1328 his
569 1275 711 1329 laboribus
727 1274 828 1335 fidelia
841 1291 963 1343 munera,
978 1278 1005 1329 et
1018 1276 1143 1343 perpetui
1158 1276 1235 1342 regni

303 1361 414 1412 aeterna
432 1359 541 1426 solatia,
559 1359 696 1428 spiritalia
713 1359 826 1413 tributa.
846 1359 910 1415 Hoc
926 1362 968 1413 est
986 1375 1081 1413 aurum
1098 1359 1235 1413 thesauris

301 1443 467 1497 caelestibus
491 1445 683 1509 necessarium,
705 1442 782 1511 quod
804 1460 860 1497 non
882 1444 967 1498 habet
988 1444 1089 1512 regalis
1111 1443 1234 1510 ambiti0,

301 1544 358 1580 non
370 1528 473 1581 saeculi
483 1528 565 1581 huius
577 1527 679 1582 nobilis
692 1530 719 1581 et
731 1527 858 1581 sublimis
870 1528 963 1595 elatio,
976 1528 1026 1581 sed
1038 1527 1099 1581 sola
1110 1527 1235 1580 filiorum

300 1611 430 1665 Abrahae
448 1612 592 1666 humilium
608 1612 732 1666 omnium
751 1613 846 1679 spreta
864 1614 891 1664 et
908 1612 1066 1665 conculcata
1084 1611 1278 1679 despectione

301 1698 372 1750 sicut
396 1696 482 1750 lsaias
503 1698 665 1765 praedicans
688 1698 737 1750 ait:
759 1696 964 1764 afferentur,
987 1698 1084 1764 inquit,
1106 1712 1235 1750 munera

301 1781 432 1835 domino
454 1780 591 1835 sabaoth
612 1797 628 1834 a
650 1781 744 1849 plebe
766 1780 924 1834 tribulata
947 1784 976 1834 et
997 1780 1108 1834 humili
1130 1783 1160 1834 et
1182 1781 1234 1833 de-

300 1867 421 1932 specta,
433 1868 463 1918 et
474 1881 536 1919 non
548 1882 563 1918 a
575 1865 668 1933 plebe
680 1880 803 1932 magna.
815 1863 982 1919 Offeramus
993 1881 1061 1932 ergo
1072 1866 1130 1933 regi
1142 1879 1233 1918 saecu-

301 1952 390 2003 lorum
407 1950 477 2003 fidei
494 1965 604 2004 auream
621 1950 832 2017 pretiositatem,
847 1965 919 2017 ‘quae
935 1951 963 2001 in
980 1948 1093 2002 fornace
1109 1963 1233 2017 persecu·

299 2034 385 2087 tionis
410 2049 465 2086 non
494 2035 651 2088 cinerescat.
676 2032 820 2097 Quantum
851 2049 1041 2101 pressurarum
1071 2034 1233 2086 secularium
1242 2047 1278 2085 220

300 2117 423 2171 flammis
440 2120 609 2186 excoquitur,
624 2120 731 2171 tantum
747 2120 971 2186 perseuerantiae
986 2117 1109 2172 claritate
1125 2117 1233 2185 fulgen-

298 2202 353 2254 tior
361 2202 512 2256 deuotione
519 2203 695 2270 conspicitur.
707 2201 794 2255 Sicut
806 2217 925 2267 aurum,
938 2203 1034 2269 inquit,
1046 2203 1076 2254 in
1088 2201 1232 2267 fornace,

299 2284 341 2338 sic
358 2284 452 2338 electa
467 2284 558 2338 corda
576 2285 653 2354 apud
669 2285 833 2339 dominum:
852 2285 923 2354 quod
940 2285 1033 2338 scilicet
1049 2287 1160 2348 uruntur,
1177 2300 1233 2353 pro-

299 2371 409 2438 bantur,
421 2374 448 2424 et
458 2373 614 2425 examinata
624 2372 762 2431 thesauris
772 2372 939 2425 caelestibus
951 2370 1146 2424 reconduntur,
1158 2370 1233 2423 Tra-

221 2468 254 2505 for.
268 2455 403 2523 radetur,
420 2457 517 2526 inquit,
534 2458 564 2509 in
580 2457 742 2510 thesauris
759 2455 847 2510 salus
863 2459 982 2521 uestra;
999 2455 1043 2508 ibi
1059 2458 1161 2522 pietas
1178 2458 1208 2509 et
1224 2450 1277 2525 [1225

300 2541 436 2593 scientia
452 2541 491 2593 ad
506 2540 678 2594 dominum:
694 2541 725 2593 hi
742 2543 816 2593 sunt
830 2540 975 2593 thesauri
991 2542 1143 2594 iustitiae.
1162 2539 1233 2593 lstae

299 2627 363 2678 sunt
375 2626 510 2679 caelestes
523 2642 599 2693 opes,
614 2628 769 2678 sanctarum
784 2627 937 2678 animarum
951 2625 1053 2677 multae
1066 2625 1232 2691 redemptio-

298 2725 356 2764 nes.
365 2708 492 2763 *Diuitiae
501 2710 655 2762 saeculares
666 2709 755 2763 multo
766 2725 834 2763 auro
845 2709 989 2775 laetantur,
1000 2711 1028 2761 et
1037 2709 1151 2762 diuitiae
1162 2708 1231 2761 fidei

298 2794 447 2846 multarum
466 2794 617 2847 animarum
634 2793 828 2861 redemptione
845 2793 1027 2859 gratulantur.
1047 2793 1110 2846 Hoc
1127 2796 1169 2846 est
1187 2809 1232 2846 au-

265 2938 268 2943 ·
297 2893 357 2930 rum
369 2877 526 2944 probatum,
538 2877 607 2929 fidei
619 2879 730 2930 nostrae
743 2878 903 2944 praemium,
916 2878 943 2929 et
953 2876 1088 2929 bonarum
1100 2877 1231 2929 mentium
1239 2890 1276 2927 230

297 2962 450 3028 pretiosum
473 2961 732 3028 supplicamentum3
756 2961 833 3027 quod
855 2962 1074 3018 comita<n>tur
1095 2961 1183 3013 thuris
1205 2962 1232 3014 et

297 3047 396 3098 mirrae
410 3060 510 3098 suaues
523 3045 633 3112 odores,
647 3045 739 3111 idest,
753 3046 910 3098 sanctitatis*
921 3048 948 3097 et
960 3046 1099 3112 passionis
1113 3045 1231 3098 deilicae

297 3129 466 3183 uoluntates,
484 3129 560 3181 Nihil
578 3132 619 3182 est
635 3131 716 3197 enim,
734 3129 810 3197 quod
827 3133 905 3197 pater
921 3131 1098 3197 omnipotens
1115 3130 1232 3183 libenter

298 3214 421 3281 accipiat,
440 3213 508 3268 nihil
526 3213 602 3280 quod
619 3230 669 3280 pro
687 3215 803 3266 summis
821 3214 1047 3280 supplicamentis
1065 3215 1231 3281 propitiatus

298 3298 431 3364 attendat,
445 3298 499 3350 nisi
511 3297 723 3350 christianorum
737 3296 873 3350 illibatam
886 3299 1134 3364 conuersationem‚
1148 3299 1175 3350 et
1187 3305 1275 3350 us-235

298 3397 350 3449 que
361 3383 397 3435 ad
406 3383 504 3435 mortis
515 3382 618 3434 exitum
628 3382 773 3434 durantem
784 3381 854 3434 fidei
865 3381 1052 3435 deuotionem.
1078 3379 1159 3442 Quod
1173 3397 1233 3450 apo·

299 3500 349 3553 176
