<?xml version="1.0" encoding="UTF-8"?>
<!DOCTYPE html PUBLIC "-//W3C//DTD XHTML 1.0 Transitional//EN"
    "http://www.w3.org/TR/xhtml1/DTD/xhtml1-transitional.dtd">
<html xmlns="http://www.w3.org/1999/xhtml" xml:lang="en" lang="en">
 <head>
  <title>
</title>
<meta http-equiv="Content-Type" content="text/html;charset=utf-8" />
  <meta name='ocr-system' content='tesseract 3.04.00' />
  <meta name='ocr-capabilities' content='ocr_page ocr_carea ocr_par ocr_line ocrx_word'/>
</head>
<body>
  <div class='ocr_page' id='page_1' title='image "MN41725ucmf_2_0109.png"; bbox 0 0 2819 4040; ppageno 0'>
   <div class='ocr_carea' id='block_1_1' title="bbox 459 306 803 348">
    <p class='ocr_par' dir='ltr' id='par_1_1' title="bbox 459 306 803 348">
     <span class='ocr_line' id='line_1_1' title="bbox 459 306 803 348; baseline 0 -1"><span class='ocrx_word' id='word_1_1' title='bbox 459 307 500 347; x_wconf 90' lang='lat' dir='ltr'>Xll.</span> <span class='ocrx_word' id='word_1_2' title='bbox 513 308 543 347; x_wconf 85' lang='lat' dir='ltr'>De</span> <span class='ocrx_word' id='word_1_3' title='bbox 557 306 613 346; x_wconf 84' lang='lat' dir='ltr'>tertia</span> <span class='ocrx_word' id='word_1_4' title='bbox 625 306 674 348; x_wconf 86' lang='lat' dir='ltr'>feria</span> <span class='ocrx_word' id='word_1_5' title='bbox 687 306 773 348; x_wconf 86' lang='lat' dir='ltr'>Paschae</span> <span class='ocrx_word' id='word_1_6' title='bbox 786 309 803 347; x_wconf 87' lang='lat'>2.</span> 
     </span>
    </p>
   </div>
   <div class='ocr_carea' id='block_1_2' title="bbox 125 432 1251 755">
    <p class='ocr_par' dir='ltr' id='par_1_2' title="bbox 125 432 1251 755">
     <span class='ocr_line' id='line_1_2' title="bbox 168 432 1100 503; baseline -0.008 -14"><span class='ocrx_word' id='word_1_7' title='bbox 168 449 317 503; x_wconf 89' lang='lat' dir='ltr'>possumus</span> <span class='ocrx_word' id='word_1_8' title='bbox 340 436 392 488; x_wconf 90' lang='lat' dir='ltr'>nisi</span> <span class='ocrx_word' id='word_1_9' title='bbox 414 434 493 500; x_wconf 89' lang='lat' dir='ltr'>mori,</span> <span class='ocrx_word' id='word_1_10' title='bbox 515 448 644 487; x_wconf 88' lang='lat' dir='ltr'>neceam</span> <span class='ocrx_word' id='word_1_11' title='bbox 667 449 815 503; x_wconf 88' lang='lat' dir='ltr'>possumus</span> <span class='ocrx_word' id='word_1_12' title='bbox 837 433 929 486; x_wconf 86' lang='lat' dir='ltr'>facere</span> <span class='ocrx_word' id='word_1_13' title='bbox 952 432 1100 495; x_wconf 79' lang='lat' dir='ltr'>aeternam,</span> 
     </span>
     <span class='ocr_line' id='line_1_3' title="bbox 164 514 1101 586; baseline -0.005 -15"><span class='ocrx_word' id='word_1_14' title='bbox 164 533 251 585; x_wconf 88' lang='lat' dir='ltr'>quam</span> <span class='ocrx_word' id='word_1_15' title='bbox 268 518 384 573; x_wconf 88' lang='lat' dir='ltr'>multum</span> <span class='ocrx_word' id='word_1_16' title='bbox 402 531 534 584; x_wconf 88' lang='lat' dir='ltr'>amamus,</span> <span class='ocrx_word' id='word_1_17' title='bbox 553 516 590 569; x_wconf 87' lang='lat' dir='ltr'>ad</span> <span class='ocrx_word' id='word_1_18' title='bbox 607 533 669 571; x_wconf 90' lang='lat' dir='ltr'>enm</span> <span class='ocrx_word' id='word_1_19' title='bbox 686 518 889 586; x_wconf 82' lang='lat' dir='ltr'>confugiamus,</span> <span class='ocrx_word' id='word_1_20' title='bbox 907 517 954 585; x_wconf 89' lang='lat' dir='ltr'>qui</span> <span class='ocrx_word' id='word_1_21' title='bbox 970 514 1101 585; x_wconf 90' lang='lat' dir='ltr'>promisit</span> 
     </span>
     <span class='ocr_line' id='line_1_4' title="bbox 168 600 1100 674; baseline -0.002 -18"><span class='ocrx_word' id='word_1_22' title='bbox 168 601 250 657; x_wconf 91' lang='lat' dir='ltr'>nobis</span> <span class='ocrx_word' id='word_1_23' title='bbox 268 605 416 658; x_wconf 86' lang='lat' dir='ltr'><strong>aeternam.</strong></span> <span class='ocrx_word' id='word_1_24' title='bbox 440 601 539 656; x_wconf 91' lang='lat' dir='ltr'>Videte</span> <span class='ocrx_word' id='word_1_25' title='bbox 557 604 630 657; x_wconf 90' lang='lat' dir='ltr'>enim</span> <span class='ocrx_word' id='word_1_26' title='bbox 649 605 716 673; x_wconf 90' lang='lat' dir='ltr'>qnid</span> <span class='ocrx_word' id='word_1_27' title='bbox 734 605 815 659; x_wconf 91' lang='lat' dir='ltr'>nobis</span> <span class='ocrx_word' id='word_1_28' title='bbox 834 605 993 674; x_wconf 82' lang='lat' dir='ltr'>promiserit</span> <span class='ocrx_word' id='word_1_29' title='bbox 1010 600 1100 656; x_wconf 93' lang='lat' dir='ltr'>domi·</span> 
     </span>
     <span class='ocr_line' id='line_1_5' title="bbox 125 687 1251 755; baseline -0.003 -15"><span class='ocrx_word' id='word_1_30' title='bbox 125 695 228 755; x_wconf 77' lang='lat' dir='ltr'>1³⁵nus,</span> <span class='ocrx_word' id='word_1_31' title='bbox 243 687 356 741; x_wconf 85' lang='lat' dir='ltr'>fratres:</span> <span class='ocrx_word' id='word_1_32' title='bbox 377 689 405 741; x_wconf 87' lang='lat' dir='ltr'>et</span> <span class='ocrx_word' id='word_1_33' title='bbox 420 689 568 754; x_wconf 85' lang='lat' dir='ltr'>aeternam,</span> <span class='ocrx_word' id='word_1_34' title='bbox 582 690 610 741; x_wconf 91' lang='lat' dir='ltr'>et</span> <span class='ocrx_word' id='word_1_35' title='bbox 623 688 740 743; x_wconf 88' lang='lat' dir='ltr'>beatam.</span> <span class='ocrx_word' id='word_1_36' title='bbox 762 688 846 744; x_wconf 86' lang='lat' dir='ltr'>Certe</span> <span class='ocrx_word' id='word_1_37' title='bbox 861 691 915 743; x_wconf 90' lang='lat' dir='ltr'>ista</span> <span class='ocrx_word' id='word_1_38' title='bbox 930 690 1030 742; x_wconf 89' lang='lat' dir='ltr'>misera</span> <span class='ocrx_word' id='word_1_39' title='bbox 1045 689 1098 742; x_wconf 89' lang='lat' dir='ltr'>est:</span> <span class='ocrx_word' id='word_1_40' title='bbox 1107 701 1130 731; x_wconf 71' lang='grc'>11</span> <span class='ocrx_word' id='word_1_41' title='bbox 1144 700 1192 731; x_wconf 75' lang='lat' dir='ltr'>uuam</span> <span class='ocrx_word' id='word_1_42' title='bbox 1205 701 1251 731; x_wconf 72' lang='lat' dir='ltr'>aeter-</span> 
     </span>
    </p>
   </div>
   <div class='ocr_carea' id='block_1_3' title="bbox 168 750 1251 841">
    <p class='ocr_par' dir='ltr' id='par_1_3' title="bbox 168 750 1251 841">
     <span class='ocr_line' id='line_1_6' title="bbox 168 750 1251 841; baseline 0.003 -17"><span class='ocrx_word' id='word_1_43' title='bbox 168 772 229 838; x_wconf 91' lang='lat' dir='ltr'>quis</span> <span class='ocrx_word' id='word_1_44' title='bbox 240 771 292 826; x_wconf 92' lang='lat' dir='ltr'>hoc</span> <span class='ocrx_word' id='word_1_45' title='bbox 302 772 414 839; x_wconf 89' lang='lat' dir='ltr'>nesciat,</span> <span class='ocrx_word' id='word_1_46' title='bbox 426 772 487 839; x_wconf 87' lang='lat' dir='ltr'>quis</span> <span class='ocrx_word' id='word_1_47' title='bbox 499 787 555 825; x_wconf 91' lang='lat' dir='ltr'>non</span> <span class='ocrx_word' id='word_1_48' title='bbox 566 771 706 829; x_wconf 82' lang='lat' dir='ltr'>fateatur?</span> <span class='ocrx_word' id='word_1_49' title='bbox 719 773 831 838; x_wconf 88' lang='lat' dir='ltr'>Quanta</span> <span class='ocrx_word' id='word_1_50' title='bbox 842 773 984 840; x_wconf 90' lang='lat' dir='ltr'>habemus,</span> <span class='ocrx_word' id='word_1_51' title='bbox 995 757 1144 841; x_wconf 69' lang='lat' dir='ltr'>quartalli</span> <span class='ocrx_word' id='word_1_52' title='bbox 1157 750 1251 836; x_wconf 58' lang='grc' dir='ltr'>ζῖηῗέῗῖῗιῗ</span> 
     </span>
    </p>
   </div>
   <div class='ocr_carea' id='block_1_4' title="bbox 1105 845 1251 884">
    <p class='ocr_par' dir='ltr' id='par_1_4' title="bbox 1105 845 1251 884">
     <span class='ocr_line' id='line_1_7' title="bbox 1105 845 1251 884; baseline -0.007 -8"><span class='ocrx_word' id='word_1_53' title='bbox 1105 845 1135 877; x_wconf 87' lang='lat' dir='ltr'>nlsl</span> <span class='ocrx_word' id='word_1_54' title='bbox 1142 853 1170 884; x_wconf 89' lang='lat' dir='ltr'>per</span> <span class='ocrx_word' id='word_1_55' title='bbox 1175 847 1251 883; x_wconf 77' lang='lat' dir='ltr'>tempora-</span> 
     </span>
    </p>
   </div>
   <div class='ocr_carea' id='block_1_5' title="bbox 122 855 1229 2017">
    <p class='ocr_par' dir='ltr' id='par_1_5' title="bbox 167 855 1229 1091">
     <span class='ocr_line' id='line_1_8' title="bbox 167 855 1229 925; baseline 0 -16"><span class='ocrx_word' id='word_1_56' title='bbox 167 858 294 924; x_wconf 88' lang='lat' dir='ltr'>patimur,</span> <span class='ocrx_word' id='word_1_57' title='bbox 316 871 386 924; x_wconf 89' lang='lat' dir='ltr'>quae</span> <span class='ocrx_word' id='word_1_58' title='bbox 405 855 542 923; x_wconf 89' lang='lat' dir='ltr'>nolumus,</span> <span class='ocrx_word' id='word_1_59' title='bbox 564 858 591 910; x_wconf 90' lang='lat' dir='ltr'>in</span> <span class='ocrx_word' id='word_1_60' title='bbox 612 859 665 911; x_wconf 88' lang='lat' dir='ltr'>ista</span> <span class='ocrx_word' id='word_1_61' title='bbox 685 859 753 912; x_wconf 87' lang='lat' dir='ltr'>uita!</span> <span class='ocrx_word' id='word_1_62' title='bbox 782 857 876 925; x_wconf 86' lang='lat' dir='ltr'>Rixae,</span> <span class='ocrx_word' id='word_1_63' title='bbox 897 858 1097 922; x_wconf 87' lang='lat' dir='ltr'>dissensiones,</span> <span class='ocrx_word' id='word_1_64' title='bbox 1128 894 1229 925; x_wconf 56' lang='lat' dir='ltr'>,mm</span> 
     </span>
     <span class='ocr_line' id='line_1_9' title="bbox 167 941 1098 1008; baseline 0 -15"><span class='ocrx_word' id='word_1_65' title='bbox 167 942 372 1008; x_wconf 86' lang='lat' dir='ltr'>temptationes,</span> <span class='ocrx_word' id='word_1_66' title='bbox 397 941 554 1008; x_wconf 84' lang='lat' dir='ltr'>ignorantia</span> <span class='ocrx_word' id='word_1_67' title='bbox 577 942 670 995; x_wconf 90' lang='lat' dir='ltr'>cordis</span> <span class='ocrx_word' id='word_1_68' title='bbox 694 944 782 997; x_wconf 89' lang='lat' dir='ltr'>nostri</span> <span class='ocrx_word' id='word_1_69' title='bbox 805 943 832 995; x_wconf 89' lang='lat' dir='ltr'>in</span> <span class='ocrx_word' id='word_1_70' title='bbox 856 943 981 1008; x_wconf 90' lang='lat' dir='ltr'>inuicem,</span> <span class='ocrx_word' id='word_1_71' title='bbox 1006 942 1043 994; x_wconf 90' lang='lat' dir='ltr'>ita</span> <span class='ocrx_word' id='word_1_72' title='bbox 1067 942 1098 993; x_wconf 89' lang='lat' dir='ltr'>ut</span> 
     </span>
     <span class='ocr_line' id='line_1_10' title="bbox 167 1022 1097 1091; baseline 0.001 -16"><span class='ocrx_word' id='word_1_73' title='bbox 167 1022 318 1090; x_wconf 89' lang='lat' dir='ltr'>aliquando</span> <span class='ocrx_word' id='word_1_74' title='bbox 333 1024 486 1076; x_wconf 90' lang='lat' dir='ltr'>nescientes</span> <span class='ocrx_word' id='word_1_75' title='bbox 500 1023 697 1091; x_wconf 88' lang='lat' dir='ltr'>amplectamur</span> <span class='ocrx_word' id='word_1_76' title='bbox 710 1027 857 1091; x_wconf 88' lang='lat' dir='ltr'>inimicum,</span> <span class='ocrx_word' id='word_1_77' title='bbox 871 1026 1016 1077; x_wconf 90' lang='lat' dir='ltr'>timeamus</span> <span class='ocrx_word' id='word_1_78' title='bbox 1032 1025 1097 1077; x_wconf 90' lang='lat' dir='ltr'>ami-</span> 
     </span>
    </p>

    <p class='ocr_par' dir='ltr' id='par_1_6' title="bbox 124 1106 1176 1511">
     <span class='ocr_line' id='line_1_11' title="bbox 124 1106 1097 1177; baseline 0.008 -26"><span class='ocrx_word' id='word_1_79' title='bbox 124 1115 238 1160; x_wconf 81' lang='lat' dir='ltr'>nocum:</span> <span class='ocrx_word' id='word_1_80' title='bbox 264 1107 312 1160; x_wconf 91' lang='lat' dir='ltr'>ubi</span> <span class='ocrx_word' id='word_1_81' title='bbox 332 1106 430 1174; x_wconf 83' lang='lat' dir='ltr'>tames,</span> <span class='ocrx_word' id='word_1_82' title='bbox 450 1107 497 1160; x_wconf 90' lang='lat' dir='ltr'>ubi</span> <span class='ocrx_word' id='word_1_83' title='bbox 516 1108 636 1176; x_wconf 90' lang='lat' dir='ltr'>nuditas,</span> <span class='ocrx_word' id='word_1_84' title='bbox 657 1110 704 1163; x_wconf 90' lang='lat' dir='ltr'>ubi</span> <span class='ocrx_word' id='word_1_85' title='bbox 724 1109 840 1177; x_wconf 80' lang='lat' dir='ltr'>frigora,</span> <span class='ocrx_word' id='word_1_86' title='bbox 861 1108 908 1162; x_wconf 89' lang='lat' dir='ltr'>ubi</span> <span class='ocrx_word' id='word_1_87' title='bbox 929 1111 1029 1175; x_wconf 88' lang='lat' dir='ltr'>aestus,</span> <span class='ocrx_word' id='word_1_88' title='bbox 1049 1107 1097 1162; x_wconf 89' lang='lat' dir='ltr'>ubi</span> 
     </span>
     <span class='ocr_line' id='line_1_12' title="bbox 167 1190 1097 1260; baseline 0.001 -17"><span class='ocrx_word' id='word_1_89' title='bbox 167 1190 354 1258; x_wconf 87' lang='lat' dir='ltr'>lassitudines,</span> <span class='ocrx_word' id='word_1_90' title='bbox 372 1191 420 1244; x_wconf 87' lang='lat' dir='ltr'>ubi</span> <span class='ocrx_word' id='word_1_91' title='bbox 437 1192 633 1260; x_wconf 84' lang='lat' dir='ltr'>aegritudines,</span> <span class='ocrx_word' id='word_1_92' title='bbox 652 1194 699 1247; x_wconf 88' lang='lat' dir='ltr'>ubi</span> <span class='ocrx_word' id='word_1_93' title='bbox 716 1193 872 1260; x_wconf 84' lang='lat' dir='ltr'>zelotipiae.</span> <span class='ocrx_word' id='word_1_94' title='bbox 897 1191 980 1246; x_wconf 88' lang='lat' dir='ltr'>Certe</span> <span class='ocrx_word' id='word_1_95' title='bbox 998 1194 1097 1245; x_wconf 91' lang='lat' dir='ltr'>misera</span> 
     </span>
     <span class='ocr_line' id='line_1_13' title="bbox 166 1274 1097 1344; baseline 0 -17"><span class='ocrx_word' id='word_1_96' title='bbox 166 1276 209 1327; x_wconf 91' lang='lat' dir='ltr'>est</span> <span class='ocrx_word' id='word_1_97' title='bbox 229 1274 296 1328; x_wconf 92' lang='lat' dir='ltr'>haec</span> <span class='ocrx_word' id='word_1_98' title='bbox 317 1276 383 1329; x_wconf 88' lang='lat' dir='ltr'>uita.</span> <span class='ocrx_word' id='word_1_99' title='bbox 410 1274 524 1343; x_wconf 81' lang='lat' dir='ltr'>Tamen,</span> <span class='ocrx_word' id='word_1_100' title='bbox 545 1277 568 1329; x_wconf 90' lang='lat' dir='ltr'>si</span> <span class='ocrx_word' id='word_1_101' title='bbox 590 1279 686 1344; x_wconf 87' lang='lat' dir='ltr'>posset</span> <span class='ocrx_word' id='word_1_102' title='bbox 708 1277 789 1331; x_wconf 91' lang='lat' dir='ltr'>nobis</span> <span class='ocrx_word' id='word_1_103' title='bbox 812 1276 872 1329; x_wconf 93' lang='lat' dir='ltr'>dari</span> <span class='ocrx_word' id='word_1_104' title='bbox 895 1277 1013 1342; x_wconf 87' lang='lat' dir='ltr'>aeterna,</span> <span class='ocrx_word' id='word_1_105' title='bbox 1036 1276 1097 1342; x_wconf 89' lang='lat' dir='ltr'>ipsa</span> 
     </span>
     <span class='ocr_line' id='line_1_14' title="bbox 167 1357 1176 1431; baseline -0.001 -20"><span class='ocrx_word' id='word_1_106' title='bbox 167 1360 275 1426; x_wconf 87' lang='lat' dir='ltr'>misera,</span> <span class='ocrx_word' id='word_1_107' title='bbox 290 1360 351 1426; x_wconf 90' lang='lat' dir='ltr'>quis</span> <span class='ocrx_word' id='word_1_108' title='bbox 365 1375 421 1413; x_wconf 93' lang='lat' dir='ltr'>non</span> <span class='ocrx_word' id='word_1_109' title='bbox 434 1359 638 1427; x_wconf 83' lang='lat' dir='ltr'>gratularetur?</span> <span class='ocrx_word' id='word_1_110' title='bbox 658 1357 669 1431; x_wconf 82' lang='grc' dir='ltr'>ΙΙ</span> <span class='ocrx_word' id='word_1_111' title='bbox 693 1359 765 1425; x_wconf 87' lang='lat' dir='ltr'>Quis</span> <span class='ocrx_word' id='word_1_112' title='bbox 779 1376 835 1413; x_wconf 91' lang='lat' dir='ltr'>non</span> <span class='ocrx_word' id='word_1_113' title='bbox 848 1359 959 1425; x_wconf 87' lang='lat' dir='ltr'>diceret,</span> <span class='ocrx_word' id='word_1_114' title='bbox 973 1357 1017 1412; x_wconf 90' lang='lat' dir='ltr'>Sic</span> <span class='ocrx_word' id='word_1_115' title='bbox 1029 1357 1096 1412; x_wconf 89' lang='lat' dir='ltr'>uolo</span> <span class='ocrx_word' id='word_1_116' title='bbox 1105 1362 1138 1401; x_wconf 66' lang='lat'>{0¹-</span> <span class='ocrx_word' id='word_1_117' title='bbox 1152 1363 1176 1400; x_wconf 77' lang='lat'>65</span> 
     </span>
     <span class='ocr_line' id='line_1_15' title="bbox 166 1441 1097 1511; baseline 0 -16"><span class='ocrx_word' id='word_1_118' title='bbox 166 1457 235 1510; x_wconf 90' lang='lat' dir='ltr'>esse,</span> <span class='ocrx_word' id='word_1_119' title='bbox 257 1443 399 1511; x_wconf 89' lang='lat' dir='ltr'>quomodo</span> <span class='ocrx_word' id='word_1_120' title='bbox 420 1459 489 1511; x_wconf 90' lang='lat' dir='ltr'>sum,</span> <span class='ocrx_word' id='word_1_121' title='bbox 509 1447 616 1499; x_wconf 89' lang='lat' dir='ltr'>tantum</span> <span class='ocrx_word' id='word_1_122' title='bbox 637 1446 707 1499; x_wconf 92' lang='lat' dir='ltr'>mori</span> <span class='ocrx_word' id='word_1_123' title='bbox 728 1444 815 1498; x_wconf 89' lang='lat' dir='ltr'>nolo?</span> <span class='ocrx_word' id='word_1_124' title='bbox 841 1441 869 1496; x_wconf 89' lang='lat' dir='ltr'>Si</span> <span class='ocrx_word' id='word_1_125' title='bbox 891 1443 992 1495; x_wconf 89' lang='lat' dir='ltr'>malam</span> <span class='ocrx_word' id='word_1_126' title='bbox 1012 1443 1097 1496; x_wconf 86' lang='lat' dir='ltr'>uitam</span> 
     </span>
    </p>

    <p class='ocr_par' dir='ltr' id='par_1_7' title="bbox 123 1526 1098 1932">
     <span class='ocr_line' id='line_1_16' title="bbox 123 1526 1097 1596; baseline -0.002 -16"><span class='ocrx_word' id='word_1_127' title='bbox 123 1538 157 1574; x_wconf 80' lang='grc'>145</span> <span class='ocrx_word' id='word_1_128' title='bbox 166 1528 209 1580; x_wconf 92' lang='lat' dir='ltr'>uis</span> <span class='ocrx_word' id='word_1_129' title='bbox 225 1527 335 1594; x_wconf 83' lang='lat' dir='ltr'>habere,</span> <span class='ocrx_word' id='word_1_130' title='bbox 351 1528 440 1595; x_wconf 87' lang='lat' dir='ltr'>qualis</span> <span class='ocrx_word' id='word_1_131' title='bbox 457 1530 499 1581; x_wconf 90' lang='lat' dir='ltr'>est</span> <span class='ocrx_word' id='word_1_132' title='bbox 515 1528 562 1582; x_wconf 93' lang='lat' dir='ltr'>ille</span> <span class='ocrx_word' id='word_1_133' title='bbox 579 1529 625 1596; x_wconf 92' lang='lat' dir='ltr'>qui</span> <span class='ocrx_word' id='word_1_134' title='bbox 642 1528 721 1582; x_wconf 88' lang='lat' dir='ltr'>dabit</span> <span class='ocrx_word' id='word_1_135' title='bbox 737 1530 765 1581; x_wconf 91' lang='lat' dir='ltr'>et</span> <span class='ocrx_word' id='word_1_136' title='bbox 780 1528 976 1594; x_wconf 88' lang='lat' dir='ltr'>sempiternam</span> <span class='ocrx_word' id='word_1_137' title='bbox 993 1527 1020 1579; x_wconf 90' lang='lat' dir='ltr'>et</span> <span class='ocrx_word' id='word_1_138' title='bbox 1035 1526 1097 1578; x_wconf 93' lang='lat' dir='ltr'>bea-</span> 
     </span>
     <span class='ocr_line' id='line_1_17' title="bbox 165 1608 1098 1679; baseline -0.002 -16"><span class='ocrx_word' id='word_1_139' title='bbox 165 1611 241 1665; x_wconf 85' lang='lat' dir='ltr'>tam?</span> <span class='ocrx_word' id='word_1_140' title='bbox 258 1610 314 1664; x_wconf 87' lang='lat' dir='ltr'>Sed</span> <span class='ocrx_word' id='word_1_141' title='bbox 325 1613 349 1664; x_wconf 88' lang='lat' dir='ltr'>si</span> <span class='ocrx_word' id='word_1_142' title='bbox 361 1614 404 1665; x_wconf 89' lang='lat' dir='ltr'>uis</span> <span class='ocrx_word' id='word_1_143' title='bbox 415 1613 558 1679; x_wconf 90' lang='lat' dir='ltr'>peruenire</span> <span class='ocrx_word' id='word_1_144' title='bbox 570 1613 607 1666; x_wconf 95' lang='lat' dir='ltr'>ad</span> <span class='ocrx_word' id='word_1_145' title='bbox 618 1613 815 1679; x_wconf 90' lang='lat' dir='ltr'>sempiternam</span> <span class='ocrx_word' id='word_1_146' title='bbox 828 1611 855 1663; x_wconf 90' lang='lat' dir='ltr'>et</span> <span class='ocrx_word' id='word_1_147' title='bbox 866 1609 983 1675; x_wconf 85' lang='lat' dir='ltr'>beatam,</span> <span class='ocrx_word' id='word_1_148' title='bbox 996 1608 1098 1661; x_wconf 88' lang='lat' dir='ltr'>habeto</span> 
     </span>
     <span class='ocr_line' id='line_1_18' title="bbox 166 1695 1098 1763; baseline -0.003 -15"><span class='ocrx_word' id='word_1_149' title='bbox 166 1696 347 1763; x_wconf 88' lang='lat' dir='ltr'>temporalem</span> <span class='ocrx_word' id='word_1_150' title='bbox 364 1696 474 1751; x_wconf 91' lang='lat' dir='ltr'>bonam.</span> <span class='ocrx_word' id='word_1_151' title='bbox 493 1695 571 1751; x_wconf 90' lang='lat' dir='ltr'>Bona</span> <span class='ocrx_word' id='word_1_152' title='bbox 588 1699 640 1749; x_wconf 89' lang='lat' dir='ltr'>erit</span> <span class='ocrx_word' id='word_1_153' title='bbox 658 1698 686 1749; x_wconf 92' lang='lat' dir='ltr'>in</span> <span class='ocrx_word' id='word_1_154' title='bbox 705 1711 798 1763; x_wconf 92' lang='lat' dir='ltr'>opere,</span> <span class='ocrx_word' id='word_1_155' title='bbox 816 1696 897 1748; x_wconf 90' lang='lat' dir='ltr'>beata</span> <span class='ocrx_word' id='word_1_156' title='bbox 915 1695 967 1747; x_wconf 91' lang='lat' dir='ltr'>erit</span> <span class='ocrx_word' id='word_1_157' title='bbox 984 1695 1011 1746; x_wconf 93' lang='lat' dir='ltr'>in</span> <span class='ocrx_word' id='word_1_158' title='bbox 1030 1710 1098 1747; x_wconf 88' lang='lat' dir='ltr'>mer-</span> 
     </span>
     <span class='ocr_line' id='line_1_19' title="bbox 165 1778 1097 1849; baseline -0.001 -17"><span class='ocrx_word' id='word_1_159' title='bbox 165 1779 240 1833; x_wconf 90' lang='lat' dir='ltr'>cede.</span> <span class='ocrx_word' id='word_1_160' title='bbox 260 1779 289 1834; x_wconf 85' lang='lat' dir='ltr'>Si</span> <span class='ocrx_word' id='word_1_161' title='bbox 303 1783 393 1834; x_wconf 89' lang='lat' dir='ltr'>autem</span> <span class='ocrx_word' id='word_1_162' title='bbox 406 1796 516 1835; x_wconf 89' lang='lat' dir='ltr'>recusas</span> <span class='ocrx_word' id='word_1_163' title='bbox 530 1796 611 1849; x_wconf 89' lang='lat' dir='ltr'>opus,</span> <span class='ocrx_word' id='word_1_164' title='bbox 626 1796 680 1848; x_wconf 88' lang='lat' dir='ltr'>qua</span> <span class='ocrx_word' id='word_1_165' title='bbox 693 1780 788 1834; x_wconf 85' lang='lat' dir='ltr'>fronte</span> <span class='ocrx_word' id='word_1_166' title='bbox 802 1778 956 1833; x_wconf 91' lang='lat' dir='ltr'>mercedem</span> <span class='ocrx_word' id='word_1_167' title='bbox 970 1779 1097 1846; x_wconf 90' lang='lat' dir='ltr'>qnaeris?</span> 
     </span>
     <span class='ocr_line' id='line_1_20' title="bbox 165 1862 1097 1932; baseline -0.001 -16"><span class='ocrx_word' id='word_1_168' title='bbox 165 1862 194 1916; x_wconf 89' lang='lat' dir='ltr'>Si</span> <span class='ocrx_word' id='word_1_169' title='bbox 208 1880 264 1917; x_wconf 93' lang='lat' dir='ltr'>non</span> <span class='ocrx_word' id='word_1_170' title='bbox 277 1866 400 1932; x_wconf 89' lang='lat' dir='ltr'>potueris</span> <span class='ocrx_word' id='word_1_171' title='bbox 414 1865 505 1919; x_wconf 90' lang='lat' dir='ltr'>dicere</span> <span class='ocrx_word' id='word_1_172' title='bbox 519 1866 643 1931; x_wconf 88' lang='lat' dir='ltr'>Christo,</span> <span class='ocrx_word' id='word_1_173' title='bbox 660 1864 723 1918; x_wconf 81' lang='lat' dir='ltr'>Feci</span> <span class='ocrx_word' id='word_1_174' title='bbox 738 1864 815 1932; x_wconf 89' lang='lat' dir='ltr'>quod</span> <span class='ocrx_word' id='word_1_175' title='bbox 827 1864 942 1930; x_wconf 89' lang='lat' dir='ltr'>iussisti,</span> <span class='ocrx_word' id='word_1_176' title='bbox 956 1862 1097 1930; x_wconf 90' lang='lat' dir='ltr'>quomodo</span> 
     </span>
    </p>

    <p class='ocr_par' dir='ltr' id='par_1_8' title="bbox 122 1948 797 2017">
     <span class='ocr_line' id='line_1_21' title="bbox 122 1948 797 2017; baseline 0.009 -22"><span class='ocrx_word' id='word_1_177' title='bbox 122 1958 157 1996; x_wconf 86' lang='lat'>150</span> <span class='ocrx_word' id='word_1_178' title='bbox 165 1948 280 2002; x_wconf 89' lang='lat' dir='ltr'>audebis</span> <span class='ocrx_word' id='word_1_179' title='bbox 298 1950 397 2017; x_wconf 89' lang='lat' dir='ltr'>dicere,</span> <span class='ocrx_word' id='word_1_180' title='bbox 416 1948 513 2007; x_wconf 83' lang='lat' dir='ltr'>Redde</span> <span class='ocrx_word' id='word_1_181' title='bbox 530 1950 607 2017; x_wconf 87' lang='lat' dir='ltr'>quod</span> <span class='ocrx_word' id='word_1_182' title='bbox 623 1949 797 2017; x_wconf 88' lang='lat' dir='ltr'>promisisti?</span> 
     </span>
    </p>
   </div>
   <div class='ocr_carea' id='block_1_6' title="bbox 160 2093 1097 3449">
    <p class='ocr_par' dir='ltr' id='par_1_9' title="bbox 160 2093 1097 3449">
     <span class='ocr_line' id='line_1_22' title="bbox 226 2093 1097 2148; baseline 0 -13"><span class='ocrx_word' id='word_1_183' title='bbox 226 2095 235 2135; x_wconf 88' lang='lat'>1</span> <span class='ocrx_word' id='word_1_184' title='bbox 252 2094 309 2139; x_wconf 80' lang='lat' dir='ltr'>Vide</span> <span class='ocrx_word' id='word_1_185' title='bbox 323 2094 416 2140; x_wconf 81' lang='lat' dir='ltr'>Praelat.</span> <span class='ocrx_word' id='word_1_186' title='bbox 430 2096 459 2138; x_wconf 88' lang='lat' dir='ltr'>ad</span> <span class='ocrx_word' id='word_1_187' title='bbox 473 2108 494 2139; x_wconf 89' lang='lat' dir='ltr'>n.</span> <span class='ocrx_word' id='word_1_188' title='bbox 509 2093 552 2137; x_wconf 88' lang='lat' dir='ltr'>XL&#39;.</span> <span class='ocrx_word' id='word_1_189' title='bbox 580 2094 743 2148; x_wconf 86' lang='lat' dir='ltr'>Inscriptionem</span> <span class='ocrx_word' id='word_1_190' title='bbox 758 2108 786 2138; x_wconf 88' lang='lat' dir='ltr'>ex</span> <span class='ocrx_word' id='word_1_191' title='bbox 800 2107 833 2147; x_wconf 90' lang='lat' dir='ltr'>ea,</span> <span class='ocrx_word' id='word_1_192' title='bbox 847 2106 904 2148; x_wconf 89' lang='lat' dir='ltr'>quae</span> <span class='ocrx_word' id='word_1_193' title='bbox 918 2095 940 2136; x_wconf 91' lang='lat' dir='ltr'>in</span> <span class='ocrx_word' id='word_1_194' title='bbox 954 2094 999 2137; x_wconf 84' lang='lat' dir='ltr'>line</span> <span class='ocrx_word' id='word_1_195' title='bbox 1013 2094 1097 2148; x_wconf 80' lang='lat' dir='ltr'>legitur,</span> 
     </span>
     <span class='ocr_line' id='line_1_23' title="bbox 164 2165 1096 2222; baseline 0.001 -15"><span class='ocrx_word' id='word_1_196' title='bbox 164 2165 276 2220; x_wconf 79' lang='lat' dir='ltr'>suppleui;</span> <span class='ocrx_word' id='word_1_197' title='bbox 296 2168 323 2209; x_wconf 92' lang='lat' dir='ltr'>ln</span> <span class='ocrx_word' id='word_1_198' title='bbox 342 2167 408 2210; x_wconf 80' lang='lat' dir='ltr'>teria</span> <span class='ocrx_word' id='word_1_199' title='bbox 427 2167 461 2209; x_wconf 93' lang='lat' dir='ltr'>lll</span> <span class='ocrx_word' id='word_1_200' title='bbox 482 2166 598 2210; x_wconf 75' lang='lat' dir='ltr'>Paschae</span> <span class='ocrx_word' id='word_1_201' title='bbox 618 2179 703 2210; x_wconf 88' lang='lat' dir='ltr'>sermo</span> <span class='ocrx_word' id='word_1_202' title='bbox 719 2167 734 2222; x_wconf 79' lang='grc' dir='ltr'><em>β</em></span> <span class='ocrx_word' id='word_1_203' title='bbox 754 2165 788 2221; x_wconf 87' lang='lat'>(=</span> <span class='ocrx_word' id='word_1_204' title='bbox 806 2167 832 2211; x_wconf 81' lang='grc' dir='ltr'>Α.</span> <span class='ocrx_word' id='word_1_205' title='bbox 851 2166 904 2219; x_wconf 89' lang='lat' dir='ltr'>Mai,</span> <span class='ocrx_word' id='word_1_206' title='bbox 924 2166 989 2208; x_wconf 90' lang='lat' dir='ltr'>Noua</span> <span class='ocrx_word' id='word_1_207' title='bbox 1008 2165 1096 2208; x_wconf 86' lang='lat' dir='ltr'>Patrum</span> 
     </span>
     <span class='ocr_line' id='line_1_24' title="bbox 163 2237 1095 2297; baseline 0.001 -18"><span class='ocrx_word' id='word_1_208' title='bbox 163 2237 291 2291; x_wconf 71' lang='lat' dir='ltr'>minuetur,</span> <span class='ocrx_word' id='word_1_209' title='bbox 304 2240 337 2291; x_wconf 82' lang='lat'>73,</span> <span class='ocrx_word' id='word_1_210' title='bbox 351 2238 418 2283; x_wconf 89' lang='lat' dir='ltr'>Serm.</span> <span class='ocrx_word' id='word_1_211' title='bbox 431 2240 476 2297; x_wconf 79' lang='grc'>34).</span> <span class='ocrx_word' id='word_1_212' title='bbox 501 2238 634 2293; x_wconf 74' lang='lat' dir='ltr'>adomim]</span> <span class='ocrx_word' id='word_1_213' title='bbox 647 2240 731 2285; x_wconf 89' lang='lat' dir='ltr'>nostri</span> <span class='ocrx_word' id='word_1_214' title='bbox 744 2237 794 2282; x_wconf 89' lang='lat' dir='ltr'>add.</span> <span class='ocrx_word' id='word_1_215' title='bbox 806 2238 827 2293; x_wconf 86' lang='grc' dir='ltr'>β.</span> <span class='ocrx_word' id='word_1_216' title='bbox 852 2238 998 2281; x_wconf 75' lang='lat' dir='ltr'>leoninus</span> <span class='ocrx_word' id='word_1_217' title='bbox 1011 2239 1095 2281; x_wconf 88' lang='lat' dir='ltr'>autem</span> 
     </span>
     <span class='ocr_line' id='line_1_25' title="bbox 164 2309 1097 2366; baseline -0.001 -14"><span class='ocrx_word' id='word_1_218' title='bbox 164 2321 195 2352; x_wconf 86' lang='lat' dir='ltr'>ex</span> <span class='ocrx_word' id='word_1_219' title='bbox 204 2309 310 2354; x_wconf 79' lang='lat' dir='ltr'>domino</span> <span class='ocrx_word' id='word_1_220' title='bbox 321 2312 361 2354; x_wconf 90' lang='lat' dir='ltr'>est</span> <span class='ocrx_word' id='word_1_221' title='bbox 370 2310 399 2365; x_wconf 80' lang='grc' dir='ltr'>β..</span> <span class='ocrx_word' id='word_1_222' title='bbox 420 2312 433 2354; x_wconf 87' lang='lat'>5</span> <span class='ocrx_word' id='word_1_223' title='bbox 443 2311 515 2365; x_wconf 83' lang='lat' dir='ltr'>deus}</span> <span class='ocrx_word' id='word_1_224' title='bbox 526 2322 570 2354; x_wconf 89' lang='lat' dir='ltr'>om.</span> <span class='ocrx_word' id='word_1_225' title='bbox 581 2311 602 2366; x_wconf 77' lang='grc' dir='ltr'>β.</span> <span class='ocrx_word' id='word_1_226' title='bbox 631 2310 693 2365; x_wconf 75' lang='lat' dir='ltr'>quill</span> <span class='ocrx_word' id='word_1_227' title='bbox 704 2317 768 2366; x_wconf 80' lang='lat' dir='ltr'>ergo</span> <span class='ocrx_word' id='word_1_228' title='bbox 778 2310 804 2353; x_wconf 86' lang='lat' dir='ltr'>G.</span> <span class='ocrx_word' id='word_1_229' title='bbox 834 2312 859 2353; x_wconf 85' lang='lat' dir='ltr'>in</span> <span class='ocrx_word' id='word_1_230' title='bbox 869 2309 1068 2357; x_wconf 82' lang='lat' dir='ltr'>similitudinem</span> <span class='ocrx_word' id='word_1_231' title='bbox 1074 2309 1097 2362; x_wconf 81' lang='grc' dir='ltr'>β.</span> 
     </span>
     <span class='ocr_line' id='line_1_26' title="bbox 164 2381 1095 2438; baseline -0.001 -14"><span class='ocrx_word' id='word_1_232' title='bbox 164 2384 177 2424; x_wconf 88' lang='lat'>8</span> <span class='ocrx_word' id='word_1_233' title='bbox 194 2381 319 2426; x_wconf 85' lang='lat' dir='ltr'>militauit</span> <span class='ocrx_word' id='word_1_234' title='bbox 335 2383 356 2438; x_wconf 81' lang='grc' dir='ltr'>β.</span> <span class='ocrx_word' id='word_1_235' title='bbox 387 2384 414 2426; x_wconf 87' lang='grc'>10</span> <span class='ocrx_word' id='word_1_236' title='bbox 431 2382 501 2437; x_wconf 91' lang='lat' dir='ltr'>quod</span> <span class='ocrx_word' id='word_1_237' title='bbox 518 2385 595 2428; x_wconf 77' lang='lat' dir='ltr'>natus</span> <span class='ocrx_word' id='word_1_238' title='bbox 612 2384 652 2426; x_wconf 88' lang='lat' dir='ltr'>est</span> <span class='ocrx_word' id='word_1_239' title='bbox 667 2383 689 2438; x_wconf 84' lang='grc' dir='ltr'>β,</span> <span class='ocrx_word' id='word_1_240' title='bbox 720 2383 743 2424; x_wconf 93' lang='grc'>11</span> <span class='ocrx_word' id='word_1_241' title='bbox 763 2381 884 2437; x_wconf 78' lang='lat' dir='ltr'>proiecit}</span> <span class='ocrx_word' id='word_1_242' title='bbox 901 2382 927 2436; x_wconf 83' lang='grc' dir='ltr'>β;</span> <span class='ocrx_word' id='word_1_243' title='bbox 944 2381 1052 2435; x_wconf 82' lang='lat' dir='ltr'>proiicit</span> <span class='ocrx_word' id='word_1_244' title='bbox 1067 2381 1095 2423; x_wconf 82' lang='lat' dir='ltr'>G.</span> 
     </span>
     <span class='ocr_line' id='line_1_27' title="bbox 164 2452 1097 2510; baseline -0.001 -14"><span class='ocrx_word' id='word_1_245' title='bbox 164 2452 469 2510; x_wconf 70' lang='lat' dir='ltr'>Cllristumdominumss.</span> <span class='ocrx_word' id='word_1_246' title='bbox 501 2453 712 2510; x_wconf 70' lang='lat' dir='ltr'>12alienilaliiss.</span> <span class='ocrx_word' id='word_1_247' title='bbox 742 2454 935 2509; x_wconf 65' lang='lat' dir='ltr'>elimpiiomlss.</span> <span class='ocrx_word' id='word_1_248' title='bbox 965 2454 1097 2506; x_wconf 70' lang='lat' dir='ltr'>iisqcre-</span> 
     </span>
     <span class='ocr_line' id='line_1_28' title="bbox 162 2524 1096 2582; baseline -0.001 -14"><span class='ocrx_word' id='word_1_249' title='bbox 162 2525 286 2569; x_wconf 89' lang='lat' dir='ltr'>diderunt</span> <span class='ocrx_word' id='word_1_250' title='bbox 296 2526 429 2572; x_wconf 69' lang='lat' dir='ltr'>&#39;Christum</span> <span class='ocrx_word' id='word_1_251' title='bbox 440 2527 461 2582; x_wconf 82' lang='grc' dir='ltr'>β,</span> <span class='ocrx_word' id='word_1_252' title='bbox 492 2527 518 2570; x_wconf 87' lang='lat'>15</span> <span class='ocrx_word' id='word_1_253' title='bbox 530 2529 555 2570; x_wconf 93' lang='lat' dir='ltr'>et</span> <span class='ocrx_word' id='word_1_254' title='bbox 566 2527 640 2570; x_wconf 92' lang='lat' dir='ltr'>amici</span> <span class='ocrx_word' id='word_1_255' title='bbox 651 2540 695 2571; x_wconf 92' lang='lat' dir='ltr'>om.</span> <span class='ocrx_word' id='word_1_256' title='bbox 705 2527 727 2581; x_wconf 80' lang='grc' dir='ltr'>β.</span> <span class='ocrx_word' id='word_1_257' title='bbox 757 2528 782 2569; x_wconf 84' lang='lat' dir='ltr'>ct</span> <span class='ocrx_word' id='word_1_258' title='bbox 792 2526 899 2579; x_wconf 79' lang='lat' dir='ltr'>inimici]</span> <span class='ocrx_word' id='word_1_259' title='bbox 911 2524 957 2569; x_wconf 89' lang='lat' dir='ltr'>scd</span> <span class='ocrx_word' id='word_1_260' title='bbox 968 2525 1065 2568; x_wconf 89' lang='lat' dir='ltr'>inimici</span> <span class='ocrx_word' id='word_1_261' title='bbox 1076 2525 1096 2580; x_wconf 84' lang='grc' dir='ltr'>β,</span> 
     </span>
     <span class='ocr_line' id='line_1_29' title="bbox 163 2596 1097 2654; baseline -0.001 -14"><span class='ocrx_word' id='word_1_262' title='bbox 163 2600 185 2640; x_wconf 91' lang='lat' dir='ltr'>et</span> <span class='ocrx_word' id='word_1_263' title='bbox 196 2597 249 2641; x_wconf 84' lang='lat' dir='ltr'>haec</span> <span class='ocrx_word' id='word_1_264' title='bbox 259 2610 307 2641; x_wconf 88' lang='lat' dir='ltr'>cum</span> <span class='ocrx_word' id='word_1_265' title='bbox 319 2611 366 2653; x_wconf 89' lang='lat' dir='ltr'>sqq.</span> <span class='ocrx_word' id='word_1_266' title='bbox 378 2599 496 2654; x_wconf 79' lang='lat' dir='ltr'>coniungit.</span> <span class='ocrx_word' id='word_1_267' title='bbox 530 2600 556 2640; x_wconf 88' lang='grc'>17</span> <span class='ocrx_word' id='word_1_268' title='bbox 567 2598 689 2642; x_wconf 88' lang='lat' dir='ltr'>Christus</span> <span class='ocrx_word' id='word_1_269' title='bbox 699 2611 743 2641; x_wconf 58' lang='lat' dir='ltr'>om⁴</span> <span class='ocrx_word' id='word_1_270' title='bbox 757 2599 778 2653; x_wconf 79' lang='grc' dir='ltr'>β.</span> <span class='ocrx_word' id='word_1_271' title='bbox 803 2599 828 2640; x_wconf 89' lang='grc'>18</span> <span class='ocrx_word' id='word_1_272' title='bbox 838 2597 924 2651; x_wconf 86' lang='lat' dir='ltr'>nobis]</span> <span class='ocrx_word' id='word_1_273' title='bbox 942 2610 960 2641; x_wconf 92' lang='lat' dir='ltr'>s.</span> <span class='ocrx_word' id='word_1_274' title='bbox 973 2596 986 2642; x_wconf 91' lang='lat' dir='ltr'>l.</span> <span class='ocrx_word' id='word_1_275' title='bbox 1001 2609 1054 2640; x_wconf 91' lang='lat' dir='ltr'>corr.</span> <span class='ocrx_word' id='word_1_276' title='bbox 1069 2610 1097 2640; x_wconf 87' lang='lat' dir='ltr'>ex</span> 
     </span>
     <span class='ocr_line' id='line_1_30' title="bbox 162 2669 1095 2726; baseline -0.002 -14"><span class='ocrx_word' id='word_1_277' title='bbox 162 2681 208 2712; x_wconf 91' lang='lat' dir='ltr'>nos</span> <span class='ocrx_word' id='word_1_278' title='bbox 226 2669 253 2713; x_wconf 83' lang='lat' dir='ltr'>G.</span> <span class='ocrx_word' id='word_1_279' title='bbox 278 2671 305 2713; x_wconf 82' lang='grc'>19</span> <span class='ocrx_word' id='word_1_280' title='bbox 322 2669 369 2713; x_wconf 74' lang='lat' dir='ltr'>lr&#39;oc</span> <span class='ocrx_word' id='word_1_281' title='bbox 386 2672 424 2713; x_wconf 89' lang='lat' dir='ltr'>est</span> <span class='ocrx_word' id='word_1_282' title='bbox 440 2670 462 2726; x_wconf 81' lang='grc' dir='ltr'>β,</span> <span class='ocrx_word' id='word_1_283' title='bbox 481 2670 547 2714; x_wconf 87' lang='lat' dir='ltr'>duas</span> <span class='ocrx_word' id='word_1_284' title='bbox 565 2670 614 2724; x_wconf 92' lang='lat' dir='ltr'>res]</span> <span class='ocrx_word' id='word_1_285' title='bbox 631 2670 646 2725; x_wconf 82' lang='grc' dir='ltr'>β</span> <span class='ocrx_word' id='word_1_286' title='bbox 662 2670 698 2713; x_wconf 92' lang='lat' dir='ltr'>hic</span> <span class='ocrx_word' id='word_1_287' title='bbox 714 2669 765 2713; x_wconf 86' lang='lat' dir='ltr'>add.</span> <span class='ocrx_word' id='word_1_288' title='bbox 781 2682 833 2714; x_wconf 90' lang='lat' dir='ltr'>non</span> <span class='ocrx_word' id='word_1_289' title='bbox 849 2676 1018 2714; x_wconf 63' lang='lat' dir='ltr'>noueremus:</span> <span class='ocrx_word' id='word_1_290' title='bbox 1039 2680 1095 2711; x_wconf 87' lang='lat' dir='ltr'>sus·</span> 
     </span>
     <span class='ocr_line' id='line_1_31' title="bbox 162 2741 1097 2798; baseline 0 -14"><span class='ocrx_word' id='word_1_291' title='bbox 162 2742 278 2796; x_wconf 86' lang='lat' dir='ltr'>cepimus</span> <span class='ocrx_word' id='word_1_292' title='bbox 291 2743 361 2798; x_wconf 90' lang='lat' dir='ltr'>quod</span> <span class='ocrx_word' id='word_1_293' title='bbox 375 2754 543 2796; x_wconf 74' lang='lat' dir='ltr'>noueremus,</span> <span class='ocrx_word' id='word_1_294' title='bbox 558 2743 639 2797; x_wconf 89' lang='lat' dir='ltr'>quihus</span> <span class='ocrx_word' id='word_1_295' title='bbox 652 2743 726 2786; x_wconf 85' lang='lat' dir='ltr'>uerbis</span> <span class='ocrx_word' id='word_1_296' title='bbox 740 2742 793 2797; x_wconf 88' lang='lat' dir='ltr'>quid</span> <span class='ocrx_word' id='word_1_297' title='bbox 807 2741 1024 2796; x_wconf 82' lang='lat' dir='ltr'>lociintellegenliae</span> <span class='ocrx_word' id='word_1_298' title='bbox 1038 2753 1097 2785; x_wconf 87' lang='lat' dir='ltr'>acce·</span> 
     </span>
     <span class='ocr_line' id='line_1_32' title="bbox 162 2812 1094 2869; baseline -0.001 -13"><span class='ocrx_word' id='word_1_299' title='bbox 162 2812 206 2867; x_wconf 88' lang='lat' dir='ltr'>dat,</span> <span class='ocrx_word' id='word_1_300' title='bbox 220 2813 278 2857; x_wconf 87' lang='lat' dir='ltr'>haud</span> <span class='ocrx_word' id='word_1_301' title='bbox 291 2814 392 2869; x_wconf 87' lang='lat' dir='ltr'>equidem</span> <span class='ocrx_word' id='word_1_302' title='bbox 404 2815 477 2860; x_wconf 88' lang='lat' dir='ltr'>uideo.</span> <span class='ocrx_word' id='word_1_303' title='bbox 502 2815 575 2858; x_wconf 85' lang='lat' dir='ltr'>nasci</span> <span class='ocrx_word' id='word_1_304' title='bbox 587 2819 613 2861; x_wconf 84' lang='lat' dir='ltr'>et</span> <span class='ocrx_word' id='word_1_305' title='bbox 625 2815 697 2869; x_wconf 87' lang='lat' dir='ltr'>mori]</span> <span class='ocrx_word' id='word_1_306' title='bbox 712 2815 762 2857; x_wconf 90' lang='lat' dir='ltr'>uide</span> <span class='ocrx_word' id='word_1_307' title='bbox 775 2816 806 2858; x_wconf 91' lang='lat' dir='ltr'>sis</span> <span class='ocrx_word' id='word_1_308' title='bbox 818 2816 864 2859; x_wconf 90' lang='lat' dir='ltr'>not.</span> <span class='ocrx_word' id='word_1_309' title='bbox 878 2814 906 2858; x_wconf 88' lang='lat' dir='ltr'>ad</span> <span class='ocrx_word' id='word_1_310' title='bbox 919 2814 989 2858; x_wconf 84' lang='lat' dir='ltr'>Tract.</span> <span class='ocrx_word' id='word_1_311' title='bbox 997 2814 1033 2869; x_wconf 89' lang='lat' dir='ltr'>lX,</span> <span class='ocrx_word' id='word_1_312' title='bbox 1041 2813 1053 2856; x_wconf 93' lang='lat' dir='ltr'>l.</span> <span class='ocrx_word' id='word_1_313' title='bbox 1063 2814 1094 2855; x_wconf 86' lang='lat'>12.</span> 
     </span>
     <span class='ocr_line' id='line_1_33' title="bbox 163 2884 1095 2942; baseline -0.001 -14"><span class='ocrx_word' id='word_1_314' title='bbox 163 2887 190 2928; x_wconf 88' lang='lat'>20</span> <span class='ocrx_word' id='word_1_315' title='bbox 200 2884 243 2940; x_wconf 85' lang='lat' dir='ltr'>Ut]</span> <span class='ocrx_word' id='word_1_316' title='bbox 252 2886 352 2931; x_wconf 86' lang='lat' dir='ltr'>Namut</span> <span class='ocrx_word' id='word_1_317' title='bbox 360 2887 381 2942; x_wconf 84' lang='grc' dir='ltr'>β.</span> <span class='ocrx_word' id='word_1_318' title='bbox 411 2889 437 2931; x_wconf 71' lang='lat' dir='ltr'>iet</span> <span class='ocrx_word' id='word_1_319' title='bbox 446 2887 524 2942; x_wconf 79' lang='lat' dir='ltr'>quod}</span> <span class='ocrx_word' id='word_1_320' title='bbox 534 2900 579 2931; x_wconf 91' lang='lat' dir='ltr'>om.</span> <span class='ocrx_word' id='word_1_321' title='bbox 589 2888 659 2941; x_wconf 87' lang='lat' dir='ltr'>quod</span> <span class='ocrx_word' id='word_1_322' title='bbox 669 2888 690 2942; x_wconf 78' lang='grc' dir='ltr'>β.</span> <span class='ocrx_word' id='word_1_323' title='bbox 722 2889 746 2928; x_wconf 90' lang='grc'>21</span> <span class='ocrx_word' id='word_1_324' title='bbox 759 2886 899 2940; x_wconf 86' lang='lat' dir='ltr'>Usitatuml</span> <span class='ocrx_word' id='word_1_325' title='bbox 910 2888 1000 2941; x_wconf 89' lang='lat' dir='ltr'>ltaque</span> <span class='ocrx_word' id='word_1_326' title='bbox 1009 2898 1064 2929; x_wconf 91' lang='lat' dir='ltr'>cum</span> <span class='ocrx_word' id='word_1_327' title='bbox 1074 2886 1095 2941; x_wconf 81' lang='grc' dir='ltr'>β.</span> 
     </span>
     <span class='ocr_line' id='line_1_34' title="bbox 162 2957 1094 3013; baseline -0.001 -14"><span class='ocrx_word' id='word_1_328' title='bbox 162 2958 189 2999; x_wconf 91' lang='grc'>22</span> <span class='ocrx_word' id='word_1_329' title='bbox 200 2958 341 3003; x_wconf 89' lang='lat' dir='ltr'>mortalitis</span> <span class='ocrx_word' id='word_1_330' title='bbox 353 2958 380 3002; x_wconf 83' lang='lat' dir='ltr'>G.</span> <span class='ocrx_word' id='word_1_331' title='bbox 395 2959 522 3009; x_wconf 66' lang='lat' dir='ltr'>usitatum</span> <span class='ocrx_word' id='word_1_332' title='bbox 534 2958 592 3012; x_wconf 85' lang='lat' dir='ltr'>fuitl</span> <span class='ocrx_word' id='word_1_333' title='bbox 606 2958 643 3002; x_wconf 89' lang='lat' dir='ltr'>ita·</span> <span class='ocrx_word' id='word_1_334' title='bbox 655 2970 711 3001; x_wconf 93' lang='lat' dir='ltr'>eum</span> <span class='ocrx_word' id='word_1_335' title='bbox 723 2958 812 3003; x_wconf 86' lang='lat' dir='ltr'>decuit</span> <span class='ocrx_word' id='word_1_336' title='bbox 823 2958 845 3013; x_wconf 80' lang='grc' dir='ltr'>β.</span> <span class='ocrx_word' id='word_1_337' title='bbox 861 2958 888 3002; x_wconf 83' lang='grc'>23</span> <span class='ocrx_word' id='word_1_338' title='bbox 903 2960 951 3002; x_wconf 89' lang='lat' dir='ltr'>tam</span> <span class='ocrx_word' id='word_1_339' title='bbox 965 2957 1094 3011; x_wconf 79' lang='lat' dir='ltr'>usitatum]</span> 
     </span>
     <span class='ocr_line' id='line_1_35' title="bbox 164 3030 1094 3086; baseline 0 -13"><span class='ocrx_word' id='word_1_340' title='bbox 164 3030 228 3074; x_wconf 84' lang='lat' dir='ltr'>Nam</span> <span class='ocrx_word' id='word_1_341' title='bbox 241 3031 366 3075; x_wconf 86' lang='lat' dir='ltr'>usitatum</span> <span class='ocrx_word' id='word_1_342' title='bbox 380 3033 422 3074; x_wconf 89' lang='lat' dir='ltr'>est</span> <span class='ocrx_word' id='word_1_343' title='bbox 430 3031 451 3086; x_wconf 82' lang='grc' dir='ltr'>β,</span> <span class='ocrx_word' id='word_1_344' title='bbox 467 3032 504 3086; x_wconf 91' lang='lat' dir='ltr'>qui</span> <span class='ocrx_word' id='word_1_345' title='bbox 519 3032 615 3085; x_wconf 89' lang='lat' dir='ltr'>pessime</span> <span class='ocrx_word' id='word_1_346' title='bbox 629 3032 762 3085; x_wconf 87' lang='lat' dir='ltr'>corruptum,</span> <span class='ocrx_word' id='word_1_347' title='bbox 778 3034 802 3075; x_wconf 91' lang='lat' dir='ltr'>ut</span> <span class='ocrx_word' id='word_1_348' title='bbox 815 3030 885 3083; x_wconf 77' lang='lat' dir='ltr'>uideS,</span> <span class='ocrx_word' id='word_1_349' title='bbox 901 3033 986 3074; x_wconf 85' lang='lat' dir='ltr'>textum</span> <span class='ocrx_word' id='word_1_350' title='bbox 1001 3030 1094 3073; x_wconf 87' lang='lat' dir='ltr'>exhibet.</span> 
     </span>
     <span class='ocr_line' id='line_1_36' title="bbox 162 3102 1094 3160; baseline 0 -14"><span class='ocrx_word' id='word_1_351' title='bbox 162 3103 228 3157; x_wconf 80' lang='lat' dir='ltr'>esse}</span> <span class='ocrx_word' id='word_1_352' title='bbox 241 3102 318 3146; x_wconf 75' lang='lat' dir='ltr'>lr‘omo</span> <span class='ocrx_word' id='word_1_353' title='bbox 330 3102 379 3148; x_wconf 85' lang='lat' dir='ltr'>add.</span> <span class='ocrx_word' id='word_1_354' title='bbox 391 3104 412 3158; x_wconf 81' lang='grc' dir='ltr'>β.</span> <span class='ocrx_word' id='word_1_355' title='bbox 443 3102 756 3157; x_wconf 75' lang='lat' dir='ltr'>24cessetldes1neretss.</span> <span class='ocrx_word' id='word_1_356' title='bbox 786 3102 904 3160; x_wconf 76' lang='lat' dir='ltr'>Resurge</span> <span class='ocrx_word' id='word_1_357' title='bbox 916 3102 944 3145; x_wconf 85' lang='lat' dir='ltr'>G.</span> <span class='ocrx_word' id='word_1_358' title='bbox 974 3102 1006 3156; x_wconf 87' lang='lat' dir='ltr'>et]</span> <span class='ocrx_word' id='word_1_359' title='bbox 1019 3114 1062 3145; x_wconf 91' lang='lat' dir='ltr'>om.</span> <span class='ocrx_word' id='word_1_360' title='bbox 1074 3102 1094 3157; x_wconf 78' lang='grc' dir='ltr'>β.</span> 
     </span>
     <span class='ocr_line' id='line_1_37' title="bbox 161 3173 1094 3229; baseline -0.002 -13"><span class='ocrx_word' id='word_1_361' title='bbox 161 3175 189 3216; x_wconf 81' lang='lat'>26</span> <span class='ocrx_word' id='word_1_362' title='bbox 205 3174 297 3217; x_wconf 83' lang='lat' dir='ltr'>Factus</span> <span class='ocrx_word' id='word_1_363' title='bbox 314 3174 359 3228; x_wconf 86' lang='lat' dir='ltr'>estl</span> <span class='ocrx_word' id='word_1_364' title='bbox 375 3175 390 3229; x_wconf 85' lang='grc' dir='ltr'>β</span> <span class='ocrx_word' id='word_1_365' title='bbox 404 3187 449 3218; x_wconf 92' lang='lat' dir='ltr'>om.</span> <span class='ocrx_word' id='word_1_366' title='bbox 466 3177 516 3227; x_wconf 89' lang='lat' dir='ltr'>est,</span> <span class='ocrx_word' id='word_1_367' title='bbox 533 3177 555 3219; x_wconf 90' lang='lat' dir='ltr'>et</span> <span class='ocrx_word' id='word_1_368' title='bbox 571 3175 657 3218; x_wconf 78' lang='lat' dir='ltr'>fectus</span> <span class='ocrx_word' id='word_1_369' title='bbox 674 3186 724 3217; x_wconf 89' lang='lat' dir='ltr'>cum</span> <span class='ocrx_word' id='word_1_370' title='bbox 740 3174 891 3229; x_wconf 85' lang='lat' dir='ltr'>superioribus</span> <span class='ocrx_word' id='word_1_371' title='bbox 907 3174 1025 3227; x_wconf 85' lang='lat' dir='ltr'>coniungit,</span> <span class='ocrx_word' id='word_1_372' title='bbox 1042 3173 1094 3227; x_wconf 89' lang='lat' dir='ltr'>quin</span> 
     </span>
     <span class='ocr_line' id='line_1_38' title="bbox 162 3245 1094 3303; baseline -0.001 -14"><span class='ocrx_word' id='word_1_373' title='bbox 162 3245 184 3289; x_wconf 88' lang='lat' dir='ltr'>e&#39;t</span> <span class='ocrx_word' id='word_1_374' title='bbox 197 3259 289 3302; x_wconf 82' lang='lat' dir='ltr'>magna</span> <span class='ocrx_word' id='word_1_375' title='bbox 303 3247 449 3292; x_wconf 88' lang='lat' dir='ltr'>miseratio:</span> <span class='ocrx_word' id='word_1_376' title='bbox 463 3247 550 3291; x_wconf 85' lang='lat' dir='ltr'>factus</span> <span class='ocrx_word' id='word_1_377' title='bbox 564 3246 641 3290; x_wconf 80' lang='lat' dir='ltr'>llomo</span> <span class='ocrx_word' id='word_1_378' title='bbox 654 3247 734 3301; x_wconf 85' lang='lat' dir='ltr'>pariter</span> <span class='ocrx_word' id='word_1_379' title='bbox 747 3247 905 3303; x_wconf 79' lang='lat' dir='ltr'>praetermittIt.</span> <span class='ocrx_word' id='word_1_380' title='bbox 932 3248 960 3289; x_wconf 86' lang='lat'>27</span> <span class='ocrx_word' id='word_1_381' title='bbox 973 3245 1094 3299; x_wconf 87' lang='lat' dir='ltr'>liominis]</span> 
     </span>
     <span class='ocr_line' id='line_1_39' title="bbox 161 3316 1094 3375; baseline -0.002 -13"><span class='ocrx_word' id='word_1_382' title='bbox 161 3318 226 3367; x_wconf 72' lang='lat' dir='ltr'>deus</span> <span class='ocrx_word' id='word_1_383' title='bbox 244 3319 293 3365; x_wconf 91' lang='lat' dir='ltr'>add.</span> <span class='ocrx_word' id='word_1_384' title='bbox 303 3319 328 3375; x_wconf 85' lang='grc' dir='ltr'>β;</span> <span class='ocrx_word' id='word_1_385' title='bbox 346 3319 404 3363; x_wconf 92' lang='lat' dir='ltr'>idem</span> <span class='ocrx_word' id='word_1_386' title='bbox 421 3316 531 3359; x_wconf 70' lang='grc' dir='ltr'><em>ἀντίθετον</em></span> <span class='ocrx_word' id='word_1_387' title='bbox 554 3318 611 3362; x_wconf 85' lang='lat' dir='ltr'>inira</span> <span class='ocrx_word' id='word_1_388' title='bbox 628 3318 700 3363; x_wconf 88' lang='lat' dir='ltr'>Tract.</span> <span class='ocrx_word' id='word_1_389' title='bbox 718 3319 807 3375; x_wconf 88' lang='lat' dir='ltr'>XXXll,</span> <span class='ocrx_word' id='word_1_390' title='bbox 824 3332 845 3363; x_wconf 88' lang='lat' dir='ltr'>n.</span> <span class='ocrx_word' id='word_1_391' title='bbox 860 3320 884 3363; x_wconf 76' lang='lat'>5&#39;:</span> <span class='ocrx_word' id='word_1_392' title='bbox 908 3323 998 3374; x_wconf 87' lang='lat' dir='ltr'>‚creator</span> <span class='ocrx_word' id='word_1_393' title='bbox 1013 3320 1094 3370; x_wconf 90' lang='lat' dir='ltr'>noster,</span> 
     </span>
     <span class='ocr_line' id='line_1_40' title="bbox 160 3388 1094 3449; baseline -0.001 -16"><span class='ocrx_word' id='word_1_394' title='bbox 160 3388 245 3435; x_wconf 83' lang='lat' dir='ltr'>creatus</span> <span class='ocrx_word' id='word_1_395' title='bbox 257 3392 376 3436; x_wconf 85' lang='lat' dir='ltr'>internos:</span> <span class='ocrx_word' id='word_1_396' title='bbox 388 3391 425 3447; x_wconf 90' lang='lat' dir='ltr'>qui</span> <span class='ocrx_word' id='word_1_397' title='bbox 437 3391 488 3435; x_wconf 80' lang='lat' dir='ltr'>lecit</span> <span class='ocrx_word' id='word_1_398' title='bbox 498 3404 547 3444; x_wconf 88' lang='lat' dir='ltr'>nos,</span> <span class='ocrx_word' id='word_1_399' title='bbox 560 3390 598 3446; x_wconf 84' lang='lat' dir='ltr'>qui</span> <span class='ocrx_word' id='word_1_400' title='bbox 610 3391 681 3435; x_wconf 82' lang='lat' dir='ltr'>tactus</span> <span class='ocrx_word' id='word_1_401' title='bbox 693 3393 727 3434; x_wconf 90' lang='lat' dir='ltr'>est</span> <span class='ocrx_word' id='word_1_402' title='bbox 738 3394 829 3449; x_wconf 85' lang='lat' dir='ltr'>propter</span> <span class='ocrx_word' id='word_1_403' title='bbox 839 3391 897 3437; x_wconf 87' lang='lat' dir='ltr'>nos.‘</span> <span class='ocrx_word' id='word_1_404' title='bbox 915 3392 942 3434; x_wconf 86' lang='lat'>28</span> <span class='ocrx_word' id='word_1_405' title='bbox 954 3390 1012 3434; x_wconf 81' lang='lat' dir='ltr'>fieri</span> <span class='ocrx_word' id='word_1_406' title='bbox 1024 3390 1094 3446; x_wconf 89' lang='lat' dir='ltr'>quod</span> 
     </span>
    </p>
   </div>
   <div class='ocr_carea' id='block_1_7' title="bbox 158 3501 1096 3555">
    <p class='ocr_par' dir='ltr' id='par_1_10' title="bbox 158 3501 1096 3555">
     <span class='ocr_line' id='line_1_41' title="bbox 158 3501 1096 3555; baseline 0.022 -8"><span class='ocrx_word' id='word_1_407' title='bbox 158 3517 173 3549; x_wconf 81' lang='lat' dir='ltr'>S.</span> <span class='ocrx_word' id='word_1_408' title='bbox 181 3517 262 3555; x_wconf 69' lang='lat' dir='ltr'>Augustini</span> <span class='ocrx_word' id='word_1_409' title='bbox 272 3519 348 3551; x_wconf 85' lang='lat' dir='ltr'>tractatus.</span> <span class='ocrx_word' id='word_1_410' title='bbox 382 3515 394 3552; x_wconf 83' lang='grc'>4</span> <span class='ocrx_word' id='word_1_411' title='bbox 1060 3501 1096 3555; x_wconf 73' lang='grc'>49</span> 
     </span>
    </p>
   </div>
   <div class='ocr_carea' id='block_1_8' title="bbox 0 0 1414 4040">
    <p class='ocr_par' dir='ltr' id='par_1_11' title="bbox 0 0 1414 4040">
     <span class='ocr_line' id='line_1_42' title="bbox 0 0 1414 4040; baseline 0 2"><span class='ocrx_word' id='word_1_412' title='bbox 0 0 1414 4040; x_wconf 95' lang='lat' dir='ltr'> </span> 
     </span>
    </p>
   </div>
  </div>
 </body>
</html>
