2819 4040
444 313 485 352 XV.
499 312 529 351 De
542 312 598 351 sexta
610 310 659 349 feria
672 310 757 350 Paschae
771 313 787 351 l.

150 435 219 503 tite,
241 435 338 505 inquit,
358 436 440 490 retia
462 437 492 487 in
513 434 676 488 dexteram
697 438 826 504 partem.
854 433 927 489 Ante
948 447 1083 488 resurrec-

150 520 253 574 tionem
280 523 384 589 passim
411 520 557 573 mittuntur
583 520 662 586 retia;
688 523 753 588 post
778 520 1007 574 resurrectionem
1034 516 1083 571 eli·

150 604 224 671 gitur
245 605 366 659 dextera.
394 602 504 657 Deinde
525 604 553 655 in
574 604 662 670 prima
683 606 836 673 piscatione
858 604 1000 657 nauiculae
1021 616 1082 670 pre·

119 690 269 756 aommtur,
295 690 364 742 retia
389 689 564 755 rumpuntur;
591 688 618 740 in
646 690 698 742 ista
724 690 877 743 nouissima
902 690 967 756 post
992 701 1082 741 resur·

151 774 299 826 rectionem
324 788 373 825 nec
401 772 480 824 nauis
505 771 644 839 premitur,
668 789 717 827 nec
741 789 845 841 sagena
868 773 1011 839 rumpitur.
1050 769 1081 823 ln

150 856 238 922 prima
260 856 414 924 piscatione
435 869 564 907 numerus
586 856 700 922 piscium
723 856 815 910 nullus
838 856 949 920 dicitur3
977 857 1005 908 in
1026 855 1081 908 ista

150 941 215 1005 post
237 938 464 992 resurrectionem
487 952 615 991 numerus
638 940 753 1007 piscium
776 940 866 993 certus
890 937 997 991 dicitur.
1029 935 1079 989 fe-

149 1036 241 1075 ramus
254 1038 321 1090 ergo
333 1023 458 1089 primam,
471 1023 502 1074 ut
513 1022 655 1077 ueniamus
667 1024 703 1077 ad
716 1023 906 1076 nouissimam.
922 1018 1000 1084 Quid
1011 1020 1078 1087 dixi,

117 1103 272 1158 asieramus
289 1104 425 1173 primam?
448 1103 516 1157 Ecce
532 1106 608 1173 retia,
625 1108 693 1160 retia
709 1105 795 1173 uerbi,
813 1105 882 1157 retia
897 1103 1079 1171 praedicatio-

149 1188 201 1254 nis,
222 1203 282 1241 ecce
301 1189 378 1242 retia.
406 1186 488 1242 Dicat
508 1189 642 1256 psalmus:
668 1189 881 1252 Annuntiaui,
901 1188 931 1239 et
954 1187 1079 1241 locutus

149 1285 227 1336 sum;
254 1270 462 1339 multiplicati
484 1274 557 1325 sunt
578 1289 672 1340 super
695 1286 865 1326 numerum.
891 1268 1005 1323 Certum
1028 1272 1078 1336 est,

149 1355 213 1421 quia
224 1354 311 1407 modo
323 1353 369 1407 iit:
384 1356 563 1412 annuntiatur
574 1357 757 1424 euangelium,
770 1355 987 1423 multiplicantur
999 1355 1079 1409 Chri-

149 1439 232 1491 stiani
248 1454 331 1506 super
346 1455 497 1494 numerum.
519 1439 548 1493 Si
564 1457 661 1495 omnes
677 1442 748 1494 bene
763 1441 899 1506 uiuerent,
916 1440 1008 1492 nauim
1024 1456 1079 1493 non

117 1525 314 1589 copremerent3
336 1524 359 1575 si
380 1523 491 1577 hereses
512 1528 539 1579 et
558 1525 706 1579 schismata
727 1541 783 1578 non
804 1523 1003 1590 diuiderentur,
1023 1526 1080 1577 rete

148 1623 204 1660 non
222 1610 401 1674 rumperetur.
423 1607 518 1674 Quare
536 1612 626 1663 autem
644 1612 672 1663 in
691 1610 780 1677 prima
797 1608 951 1676 piscatione
968 1607 1080 1675 nauigia

148 1691 205 1744 duo
223 1690 354 1745 fuerunt?
378 1691 509 1759 Recolite,
528 1681 647 1747 iratresz'
662 1694 716 1761 ipsi
735 1694 800 1745 sunt
817 1691 875 1744 duo
893 1690 934 1743 illi
952 1691 1079 1759 parietes,

147 1776 318 1829 circumcisio
335 1779 362 1830 et
378 1779 560 1845 praeputium,
579 1779 625 1846 qui
643 1780 671 1831 in
690 1777 784 1845 lapide
802 1776 928 1843 angulari
939 1772 999 1847 tlibi
1016 1788 1120 1830 con-ror.
1133 1790 1156 1826 rs

147 1860 269 1927 ueniunt,
291 1863 318 1914 et
337 1861 462 1915 osculum
483 1863 558 1930 pacis
580 1864 732 1916 inueniunt.
762 1861 793 1915 ln
814 1863 968 1915 nouissima
988 1864 1082 1915 autenr

115 1965 139 2002 45
148 1947 300 2013 piscatione
316 1948 439 2015 perfecta
453 1950 557 2014 unitas3
576 1948 690 2001 dextera
706 1949 748 2000 est
763 1948 846 2013 enim,
862 1946 930 1999 nihil
946 1946 1030 1999 habet
1044 1947 1079 1999 si-

147 2030 272 2085 nistrum.
297 2031 361 2099 lpsa
377 2034 420 2085 est
436 2032 549 2085 ecclesia
567 2033 670 2099 sancta,
689 2046 759 2099 quae
776 2031 862 2084 modo
880 2031 908 2083 in
925 2032 1019 2097 paucis
1036 2032 1079 2084 est

147 2113 339 2168 laborantibus
364 2117 435 2168 inter
457 2115 560 2168 multos
585 2115 686 2169 malos:
718 2117 778 2182 ipsa
803 2115 855 2167 erit
878 2115 906 2166 in
931 2116 1005 2167 certo
1028 2113 1078 2167 illo

146 2213 260 2251 numero
275 2202 303 2252 et
316 2198 446 2267 delinito,
461 2199 508 2252 ubi
524 2201 579 2253 iam
595 2199 688 2252 nullus
704 2199 843 2251 inuenitur
858 2200 995 2265 peccator:
1014 2199 1079 2251 dex-

146 2283 205 2335 tera
219 2284 261 2335 est
275 2284 356 2350 enim,
371 2283 439 2336 nihil
454 2284 537 2336 habet
552 2284 702 2337 sinistrum.
725 2282 761 2335 Et
776 2283 869 2349 magni
884 2284 973 2349 pisces
988 2284 1078 2335 erunt:

114 2387 138 2424 50
146 2366 210 2433 quia
227 2382 323 2419 omnes
339 2367 501 2421 inmortales
518 2370 606 2434 erunt,
623 2383 721 2421 omnes
738 2368 797 2419 sine
815 2367 874 2419 tine
890 2367 988 2419 uicturi
1006 2368 1078 2419 sunt.

146 2450 224 2513 Quid
240 2453 296 2503 tam
312 2467 451 2519 magnum,
469 2467 551 2518 quam
569 2451 645 2519 quod
662 2468 718 2504 non
736 2451 820 2504 habet
836 2450 943 2503 finem?
967 2449 1003 2503 Et
1019 2465 1079 2517 per·

145 2535 227 2587 tinuit
247 2535 283 2587 ad
302 2535 511 2602 euangelistam,
532 2536 711 2588 renouaueris
732 2536 760 2587 in
780 2535 941 2587 memoriam
961 2536 1078 2601 primam

145 2620 334 2686 piscationem.
357 2618 453 2682 ¹Quare
469 2622 541 2672 enim
558 2619 676 2687 addidit,
695 2619 816 2673 Etcum
832 2622 896 2672 tam
911 2621 1016 2686 magni
1033 2619 1079 2687 pi-

145 2720 213 2756 sces
228 2706 346 2771 essent,
360 2706 443 2757 retia
457 2721 519 2757 non
535 2707 609 2758 sunt
623 2705 781 2758 discissa?
794 2703 950 2771 Tamquam
964 2703 1078 2756 diceret:

113 2789 256 2845 ssrecolite
280 2789 356 2842 illam
378 2790 494 2856 primam
518 2791 707 2857 piscationem,
731 2788 778 2841 ubi
802 2789 871 2841 retia
895 2790 959 2841 sunt
982 2790 1076 2841 scissa.

146 2871 200 2924 llic
217 2887 330 2939 regnum
348 2872 487 2926 caelorum
505 2875 564 2940 erit,
583 2873 675 2926 nullus
693 2873 829 2926 hereticus
847 2872 967 2939 latrabit,
986 2872 1077 2925 nullus

144 2956 333 3008 schismaticus
347 2972 377 3008 se
390 2955 542 3023 separabit:
563 2972 659 3009 omnes
674 2957 747 3009 intus
762 2957 851 3022 erunt,
866 2955 894 3008 in
908 2971 975 3022 pace
989 2957 1076 3008 erunt.

204 3053 228 3105 2.
256 3051 291 3104 Et
316 3068 420 3118 omnes,
447 3056 515 3119 quot
539 3053 637 3106 erunt?
661 3055 770 3105 centurn
797 3053 997 3120 quinquaginta
1021 3054 1076 3104 tres

144 3136 242 3189 erunt?
265 3135 355 3203 Absit,
373 3135 446 3188 absit
464 3136 588 3202 anobis,
606 3138 637 3188 ut
654 3135 699 3188 uel
718 3137 745 3188 in
764 3137 819 3188 isto
837 3135 951 3203 populo,
970 3136 1015 3202 qui
1033 3135 1075 3187 hic

112 3236 136 3273 oo
144 3222 207 3272 ante
219 3236 262 3272 me
274 3221 356 3287 stant,
368 3222 425 3272 tam
438 3235 541 3286 paucos
554 3219 642 3272 dicam
655 3235 725 3286 esse,
739 3221 785 3287 qui
798 3222 826 3272 in
839 3236 927 3287 regno
938 3219 1076 3273 caelorum

144 3303 230 3357 futuri
251 3306 323 3371 sunt,
342 3304 389 3357 ubi
410 3304 493 3370 milia,
515 3302 726 3356 innumerabilia
746 3304 831 3370 milia,
853 3319 922 3371 quae
941 3303 1012 3356 uidit
1033 3301 1075 3355 lo-

143 3389 248 3442 hannes
267 3389 364 3442 induta
381 3388 462 3442 stolis
481 3387 560 3442 albis.
586 3388 649 3441 Hoc
667 3388 749 3441 dixit:
776 3388 822 3441 Ex
839 3389 924 3442 omni
942 3387 1027 3441 tribu
1046 3390 1075 3440 et

1041 3506 1076 3560 57
