2819 4040
670 304 780 354 hppmudix.
796 307 858 345 Tract.
867 307 880 345 1.

311 443 352 479 me
368 444 495 495 magnam
509 428 594 482 iaciat
606 431 774 497 genitricem,
790 434 817 483 et
831 448 879 498 per
893 433 1002 486 saecula
1014 436 1111 487 cuncta
1124 433 1239 488 felicem.

311 510 441 564 Claustra
455 514 625 580 ingredietur·
636 516 713 582 deus,
725 516 845 571 claustra
858 518 946 570 nostri
959 517 1074 584 pudoris
1086 518 1240 586 grauidata:

310 596 428 648 uidehor
443 600 469 649 te
483 602 553 651 teste
568 599 644 665 quod
659 601 739 668 uirgo
755 603 818 654 sim:
833 602 967 655 celabitur
982 602 1043 669 lege
1057 605 1167 656 seruata
1182 618 1241 657 nas·

243 691 275 727 iai
290 684 400 734 scendi:
419 685 445 735 in
463 686 564 737 sanctis
582 689 709 738 nascetur
725 688 877 740 uisceribus
895 687 973 741 tilius
991 683 1174 757 maiestatislt
1186 686 1241 740 Nec

309 769 555 833 aequ<al>itatem
578 787 656 823 suam
678 773 773 838 mouit,
796 774 860 838 quia
881 772 965 825 homo
987 772 1050 826 fieri
1072 773 1169 840 uoluit,
1190 772 1273 826 sedeo

228 904 241 937 ‘
307 853 479 905 uoluntatem
493 855 578 920 patris
591 855 724 921 impleuit,
738 855 869 909 Nascitur
880 857 993 924 pulchra
1005 858 1113 924 origine
1125 858 1201 922 deuS,
1212 859 1240 910 et

308 941 387 988 natus
405 939 529 1004 assignat
544 940 679 1006 uirginem
696 943 819 1008 matrem,
835 944 862 994 et
876 943 912 1007 te,
928 942 1049 1007 castitas
1064 942 1104 995 tui
1120 941 1239 994 nominis

307 1024 490 1087 perpetuitate
507 1025 682 1089 gaudentem.
707 1024 785 1078 Ecce
802 1026 918 1078 ancilia
935 1025 1069 1078 domini:
1087 1026 1148 1078 fiat
1163 1025 1238 1078 mihi

306 1108 477 1158 secuudum
488 1110 617 1160 uerbum
628 1112 722 1162 tuum.
733 1108 760 1163 O
769 1110 1029 1167 oboedientia<m>
1038 1110 1176 1162 sacrificio
1184 1124 1238 1162 me-

307 1191 414 1242 tiorem!
434 1189 460 1243 O
476 1190 558 1258 tides,
571 1193 654 1259 imple
666 1194 817 1261 promissas
830 1194 908 1247 fidei.
928 1193 1025 1247 Subito
1037 1194 1150 1260 spiritus
1162 1209 1269 1246 sanc-4⁵

305 1278 349 1325 tus
365 1276 474 1341 insedit,
491 1279 517 1327 et
532 1292 580 1342 per
595 1292 687 1329 aurem
703 1278 899 1330 inmaculatum¹
912 1293 1011 1345 corpus
1027 1279 1149 1331 intrauit:
1165 1277 1238 1331 sedit

305 1360 332 1411 in
343 1361 473 1412 tribunali
484 1362 576 1413 cordis
587 1363 654 1429 eiuS,
667 1363 853 1417 sanctiticauit
863 1364 994 1417 interiora
1005 1362 1072 1431 eiuS,
1081 1376 1238 1428 nouumque

305 1444 331 1495 in
343 1445 495 1497 uisceribus
507 1447 663 1512 plasmabat
671 1446 770 1513 Adam,
779 1451 806 1501 et
816 1464 865 1515 per
875 1463 955 1515 quern
966 1447 1056 1500 tactus
1067 1450 1109 1499 est
1119 1447 1237 1513 primum

304 1531 438 1595 captiuus,
449 1546 499 1596 per
509 1531 598 1596 ipsum
610 1531 769 1598 redemptus
780 1534 823 1584 est
834 1532 960 1585 mundus.
978 1529 1088 1584 Statuto
1098 1531 1144 1582 die
1154 1530 1236 1582 deum

303 1614 496 1680 hominemque
517 1631 593 1667 sacer
612 1617 728 1682 uirginis
747 1618 841 1669 uterus
861 1616 943 1683 fudit,
963 1618 990 1669 et
1010 1615 1045 1668 ad
1064 1615 1269 1669 natiuitatemao

304 1699 380 1763 pueri
399 1699 479 1750 stella
496 1700 641 1765 processit,
658 1702 688 1752 ut
705 1700 786 1751 deum
804 1702 831 1752 et
847 1715 939 1766 regem
956 1700 1032 1765 apice
1049 1697 1129 1751 tutuo
1144 1712 1237 1750 corus-

302 1798 367 1834 cans
385 1783 543 1836 hominibus
560 1785 771 1851 demonstraret,
789 1800 924 1851 suumque
940 1784 1074 1837 factorem
1091 1782 1236 1837 lucifluum

304 1868 381 1919 sidus
394 1869 515 1934 desuper
527 1870 667 1921 salutaret.
687 1869 756 1922 Veni
771 1872 866 1922 nostra
880 1885 928 1935 per
941 1869 1077 1935 uirginem
1089 1869 1158 1920 uita:
1172 1868 1235 1920 ueni

303 1953 406 2017 optime
420 1955 523 2018 pastor,
537 1955 563 2004 et
576 1968 688 2019 gregem
702 1953 829 2020 luporum
843 1955 983 2019 patentem
996 1952 1135 2005 morsibus
1148 1951 1234 2006 salua.

265 2025 271 2038 ’
304 2033 379 2102 Ecce,
400 2036 465 2088 dum
485 2038 613 2103 nasceris
632 2038 722 2104 gioria
741 2039 849 2090 intonat
867 2038 984 2090 caelum:
1004 2037 1123 2089 mundus
1143 2036 1233 2089 omnis
1243 2053 1267 2091 55

301 2135 383 2187 super
408 2124 434 2173 et
458 2124 530 2174 terra
555 2138 621 2188 pace
645 2123 759 2175 ditatur:
786 2122 959 2189 indulgentia
983 2123 1030 2174 tua
1054 2121 1179 2174 infernus
1203 2122 1234 2173 ut

300 2207 530 2261 re<sus>citetur
546 2209 642 2273 expect
660 2209 679 2259 t.
1172 2257 1174 2266 ,

361 2291 384 2343 2.
396 2288 455 2343 Cur
466 2292 542 2342 solus
554 2293 637 2357 pauet
648 2290 797 2344 Herodes?
808 2307 855 2344 cur
865 2292 933 2344 iram
942 2289 1060 2343 dolosae
1070 2291 1145 2357 pacis
1156 2289 1234 2342 talsi-

300 2375 356 2426 tate
371 2375 535 2427 concinnat?
551 2374 626 2440 Noli,
642 2376 732 2441 miser,
748 2378 844 2442 putare
859 2375 935 2443 quod
950 2377 1043 2442 putas:
1058 2375 1137 2440 hunc,
1153 2389 1233 2442 quem

300 2474 386 2525 paues
404 2475 437 2510 ne
453 2460 492 2510 tui
509 2460 587 2525 regni
603 2459 729 2511 sublimis
747 2460 851 2526 apicem
867 2461 967 2525 teneat,
984 2474 1045 2511 esse
1062 2474 1154 2525 regern
1170 2473 1266 2525 cog-oo

300 2558 383 2595 nosce
403 2543 549 2596 caetorum.
573 2542 638 2595 Non
658 2545 751 2610 potest
770 2543 900 2595 dominus
919 2543 1016 2596 uilicus
1037 2557 1098 2595 esse
1116 2540 1232 2596 colonis

300 2627 373 2679 Audi
389 2627 464 2693 quod
479 2628 514 2679 de
529 2643 566 2693 se,
582 2629 728 2694 antequam
741 2643 851 2680 carnem
866 2627 1000 2693 indueret,
1015 2628 1076 2692 iste,
1091 2626 1137 2693 qui
1151 2627 1233 2679 natus

300 2713 436 2778 apparuit,
450 2712 530 2764 dixit:
545 2710 603 2764 Per
616 2728 672 2778 me,
687 2713 783 2778 inquit,
797 2728 889 2779 reges
902 2714 1048 2779 regnant,
1062 2712 1092 2764 et
1104 2712 1232 2777 tyranni

299 2813 354 2864 per
369 2813 414 2849 me
429 2799 538 2849 tenent
552 2799 677 2850 terram.
701 2796 765 2849 Non
781 2797 852 2850 hunc
865 2797 1005 2850 terrificus
1021 2795 1137 2849 illustris
1152 2811 1232 2849 orna·

297 2884 350 2948 tuS,
364 2897 413 2934 nec
425 2897 562 2948 purpurae
575 2885 729 2948 pereuntes
743 2881 818 2934 mille
830 2881 970 2935 trahentes
983 2881 1103 2935 aduerso
1115 2880 1175 2935 sole
1186 2897 1263 2935 coos

299 2966 380 3031 tores,
403 2966 452 3019 sed
473 2967 669 3033 prophetarum
690 2966 853 3033 admonitio,
874 2968 1016 3034 postremo
1037 2966 1152 3033 angelus
1172 2967 1231 3018 eius

298 3054 417 3116 sanctuS,
437 3053 464 3103 et
480 3051 598 3103 caeleste
616 3052 790 3117 mancipium,
808 3051 911 3117 uirgini
929 3050 1039 3103 futurae
1057 3050 1136 3103 matri
1155 3049 1231 3117 qnod

297 3138 443 3188 uenturum
466 3135 558 3187 tuerat
578 3135 730 3188 nuntiabat.
753 3133 809 3187 Sed
831 3135 894 3187 licet
916 3136 986 3191 iram
1005 3133 1090 3187 corde
1109 3133 1230 3201 mineriS,

298 3220 360 3271 iicet
375 3219 458 3271 dolos
473 3219 621 3285 excogites,
637 3220 663 3271 et
678 3219 705 3271 in
720 3217 825 3271 domini
840 3219 928 3271 nostri
945 3216 1008 3271 lesu
1021 3215 1126 3271 Christi
1141 3217 1230 3284 perni-

164 3331 267 3361 moannm
296 3304 364 3354 ciem
381 3302 458 3354 rudis
474 3317 591 3368 corpora
608 3302 787 3369 paruulorum
802 3301 908 3355 crudeli
924 3302 999 3354 ferro
1016 3301 1169 3368 perfodias,
1184 3301 1262 3355 uelio

145 3382 202 3416 ἕως
215 3380 288 3409 asam.
297 3389 325 3440 in
339 3388 408 3440 dura
423 3387 546 3454 tapidum
560 3387 633 3439 mole
647 3386 773 3453 collidaS,
788 3385 902 3439 Christo
916 3389 1049 3454 martyres
1064 3386 1141 3440 tacis
1158 3385 1229 3440 Nam

202 3429 230 3457 aa

298 3509 347 3561 ios
