2819 4040
646 313 666 353 S.
679 313 784 363 Augustini
796 315 889 354 tractatus

316 435 418 490 superbia·
435 433 529 478 hominis
547 437 634 491 quanta,
652 448 696 479 non
714 446 765 481 con·-

346 508 425 551 sentire
439 507 514 550 humili
527 508 576 551 Deo
589 511 609 563 3,
623 509 675 561 100;
690 521 765 564 super·

345 579 381 623 bia
398 582 420 624 et
436 581 561 625 curiositate
578 584 676 637 peccauit
693 583 764 626 Adam

345 654 378 707 31,
388 655 427 705 20;
448 653 558 708 superbia,
576 667 657 709 magna
675 655 763 710 malitia,

344 726 407 782 origo
417 727 516 769 omnium
527 729 669 782 peecatorum
679 730 712 783 32,
725 730 763 780 24;

343 798 468 854 superbiam
489 802 587 843 nostram
606 801 668 843 uenit
688 813 762 844 curare

836 435 946 480 haerendo
959 436 1029 480 uultui
1042 438 1205 493 omnipotentis
1220 440 1251 494 lo,

835 511 873 562 02;
891 510 943 553 time
960 509 1019 565 quod
1037 510 1090 552 facis
1107 511 1191 565 uolens,
1207 523 1251 554 non

835 582 895 636 quod
907 582 987 636 pateris
1000 582 1077 625 nolens
1089 583 1122 636 31,
1136 583 1188 635 174;
1199 583 1251 626 time

834 654 894 708 quod
908 655 972 708 potes
985 653 1078 697 euitare:
1092 655 1156 708 potes
1170 655 1251 698 euitare

833 728 954 781 peccatum,
969 727 1064 769 mortem
1078 738 1123 769 non
1138 728 1202 780 potes
1217 727 1250 782 31,

834 799 886 849 191;
899 799 933 852 33,
947 798 994 842 128,

344 871 443 914 Christus
457 871 559 927 exemplo
571 873 613 915 'suo
626 874 661 927 32,
675 873 721 916 176.
803 875 823 917 T
823 874 924 919 oletanae
938 875 1046 929 homiliae,
1066 876 1087 917 et
1101 875 1158 917 ΧΧ18
1175 876 1250 918 collec-

313 949 409 1003 ,Sursum
428 952 472 993 cor‘
491 951 519 993 ad
537 951 603 994 altare
622 951 664 994 Dei
680 951 761 995 dictum

342 1024 362 1077 7,
372 1024 410 1075 07;
420 1022 494 1078 paullo
505 1025 556 1066 ante
566 1025 682 1066 tractatum
693 1025 726 1077 20,
737 1026 761 1076 7;

832 947 897 990 tionis
924 946 1109 1001 Guelferbytanae
1135 947 1249 991 tractatus:

833 1018 927 1064 Praelat.
940 1020 986 1062 Vll.

342 1097 413 1150 ipsum
430 1108 517 1139 sursum
534 1109 572 1140 cor
589 1096 706 1151 aliquando
723 1097 761 1139 bo·
801 1097 897 1141 trinitas:
911 1098 1032 1141 diuinarum
1046 1110 1190 1153 personarum
1202 1110 1249 1152 per·

342 1181 401 1223 num,
416 1169 533 1223 aliquando
546 1169 630 1212 malum
642 1170 676 1212 est
690 1170 708 1222 7,
722 1171 760 1220 70;

341 1240 394 1295 quid
415 1241 500 1284 auditur
520 1243 542 1284 et
562 1241 594 1295 lit,
615 1253 664 1284 cum
683 1240 761 1284 dicitur

341 1314 437 1369 ,Sursum
455 1315 500 1358 cor‘
518 1316 551 1367 20,
570 1316 609 1366 83;
629 1313 761 1357 Christianis

341 1387 429 1430 cottidie
443 1387 521 1430 dicitur
531 1387 552 1429 'A
565 1389 584 1441 0,
599 1388 645 1431 261.

310 1459 437 1513 Symbolum
447 1459 527 1502 diebus
535 1461 587 1502 octo
603 1460 655 1501 ante
668 1458 759 1501 domini-

339 1543 386 1574 cam
409 1533 531 1575 orationem
552 1531 657 1574 traditum
679 1532 697 1585 1,
719 1533 758 1583 43;

339 1604 432 1657 symboli
452 1604 552 1658 redditio,
573 1604 625 1646 fidei
646 1603 757 1646 confessio

338 1678 372 1719 est
391 1676 409 1730 1,
420 1677 458 1727 80;
483 1676 636 1730 Hipponensis
653 1674 757 1718 ecclesiae

338 1747 461 1802 symbolum
480 1749 498 1803 1,
509 1750 536 1791 53
543 1761 578 1800 ss;
596 1748 626 1790 ‘ad
641 1749 693 1791 octo
710 1747 757 1790 dies

338 1822 389 1874 post
413 1819 552 1863 traditionem
576 1819 713 1863 reddendum
738 1821 757 1875 1,

338 1893 390 1943 225,
404 1890 497 1945 symboli
505 1892 614 1947 expositio
622 1892 641 1947 1,
649 1893 756 1942 53-295;

337 1962 424 2006 traditio
438 1962 458 2005 A
469 1963 489 2018 3,
500 1964 533 2006 75.

305 2149 406 2205 ,Tabitha,
423 2150 489 2193 uidua
503 2150 582 2193 mulier
597 2151 630 2203 28,
646 2151 693 2194 280.
708 2151 755 2194 200.

305 2221 392 2265 tabulae
411 2223 474 2277 pretii
492 2223 568 2276 nostri,
581 2225 678 2265 sanctum
692 2235 756 2265 euan-

334 2293 416 2348 gelium
439 2296 473 2348 32,
494 2295 542 2338 390,
565 2296 613 2337 402.
636 2296 685 2337 408.
706 2295 754 2338 441.

831 1170 889 1212 fecta
906 1171 1025 1225 aequalitas
1043 1171 1153 1226 1,190ss;
1171 1182 1249 1225 aequa-

830 1241 873 1284 lem
897 1243 954 1285 Patri
976 1243 1052 1286 Filium
1074 1243 1188 1286 infirmitas
1210 1242 1248 1285 tru-

830 1325 895 1357 mana
919 1328 963 1357 non
985 1317 1059 1371 potest
1082 1316 1184 1372 cogitare,
1208 1314 1247 1358 sed

829 1387 904 1439 potest
916 1386 1003 1429 credere
1015 1387 1049 1441 11,
1063 1388 1101 1439 l4;
1114 1387 1190 1429 Filium
1202 1398 1247 1429 non

829 1457 895 1512 uidet,
912 1459 948 1513 qui
963 1460 1068 1502 maiorem
1083 1461 1146 1514 putat
1161 1459 1245 1502 Patrem

830 1531 862 1585 11,
878 1532 917 1582 31;
932 1544 981 1574 ecce
995 1530 1102 1574 catholica
1116 1530 1183 1575 tides:
1198 1531 1245 1588 Ego

828 1604 850 1645 et
868 1602 932 1646 Pater
948 1615 1015 1646 unum
1032 1614 1108 1646 sumus
1125 1604 1157 1657 11,
1172 1603 1211 1655 913
1227 1604 1245 1645 si

827 1676 861 1717 tot
872 1676 957 1718 animae
968 1674 1102 1718 credentium
1113 1676 1183 1719 laetae
1194 1677 1245 1718 sunt

829 1748 901 1790 anima
916 1759 966 1802 una,
980 1748 1064 1806 miraris
1080 1748 1130 1802 quia
1146 1747 1210 1790 Pater
1223 1748 1245 1790 et

828 1819 895 1862 filius
906 1821 928 1862 et
939 1819 1030 1874 Spiritus
1043 1821 1132 1862 sanctus
1142 1831 1199 1862 unus
1211 1821 1245 1862 est

827 1891 905 1934 Deus?
923 1892 956 1942 11,
966 1893 1008 1933 133
1023 1890 1175 1946 inseparabilia
1193 1892 1244 1933 sunt

826 1975 894 2017 opera
908 1964 1019 2006 Trinitatis
1032 1964 1051 2018 1,
1066 1964 1112 2006 189.

696 2047 697 2054 ’
726 2049 727 2056 ’
756 2050 757 2059 ³
795 2041 860 2084 turba
879 2043 965 2096 premit,
985 2040 1041 2084 lides
1061 2041 1132 2098 tangit
1152 2042 1185 2094 13,
1203 2042 1243 2092 35;

827 2114 860 2167 14,
875 2114 914 2164 85;
929 2114 962 2165 24,
978 2114 1029 2164 1723
1043 2111 1120 2155 turbae
1133 2111 1243 2155 ferocibus

823 2184 898 2227 bestiis
906 2185 1033 2238 plerumque
1040 2184 1243 2236 ferocioresA8,52.

335 2366 383 2409 454.
406 2367 459 2417 456;
483 2365 571 2408 tabulae
594 2365 709 2420 nuptiales,
732 2366 755 2408 in
795 2377 849 2408 uasa
859 2377 921 2408 sacra
932 2365 1032 2408 hostibus
1044 2364 1242 2420 traditaA0,1ro;

336 2438 414 2492 quibus
429 2449 525 2492 sponsus
540 2439 562 2480 et
576 2449 659 2491 sponsa
673 2437 755 2480 debent

335 2511 442 2553 nominari
456 2510 475 2552 A
488 2512 507 2564 7,
522 2511 568 2553 127.

304 2591 366 2646 tangi
389 2603 413 2632 se
435 2602 447 2631 a
469 2590 539 2632 Maria
561 2588 666 2633 ¹ChrIstus
687 2601 753 2644 quare

334 2661 403 2705 noluit
425 2663 531 2717 13,9ss.;
558 2661 637 2704 melius
657 2661 754 2717 tangitur

334 2734 379 2776 tide
396 2746 462 2789 quam
478 2747 542 2777 carue
559 2734 592 2787 13,
608 2734 647 2785 31;
666 2735 698 2786 14,
715 2734 753 2784 793

333 2806 398 2849 turba
411 2807 496 2861 premit,
511 2806 567 2849 tides
581 2807 652 2860 tangit
667 2806 699 2858 13,
713 2806 752 2857 35;

334 2880 366 2933 14,
388 2880 427 2930 85;
451 2880 484 2931 24,
507 2879 558 2930 1723
583 2879 615 2920 sic
633 2879 707 2932 tange,
728 2879 752 2920 ut

332 2951 434 2994 haereas:
455 2952 486 2992 sic
502 2950 573 3004 lraere,
591 2951 615 2992 ut
632 2961 751 3004 numquam

332 3023 439 3078 separeris
453 3023 485 3077 14,
496 3024 529 3065 03.

301 3104 382 3145 tectum
396 3114 436 3157 pro
449 3101 510 3144 caelo
525 3100 628 3155 accipitur
640 3101 658 3155 6,
669 3101 703 3143 31.

825 2437 893 2480 homo
911 2450 950 2480 uas
967 2437 1047 2480 diaboli
1064 2437 1083 2479 A
1100 2439 1119 2491 8,
1135 2438 1173 2488 81,
1189 2447 1242 2479 uasa

824 2511 869 2554 irae
892 2511 976 2553 auasis
998 2509 1158 2552 misericordiae
1182 2509 1242 2551 Deus

824 2595 926 2637 separare
939 2583 1001 2625 nouit
1011 2581 1033 2624 'A
1044 2584 1064 2635 0,
1076 2583 1129 2624 318:
1141 2581 1168 2624 ci.
1181 2594 1242 2636 prae·

823 2655 941 2698 destinatio
947 2668 953 2707 ;
969 2655 1024 2698 inter
1039 2667 1092 2697 uasa
1108 2655 1151 2696 irae
1167 2653 1241 2707 relicti,

824 2728 861 2781 qui
873 2727 920 2770 sine
932 2726 1042 2782 baptismo
1053 2728 1100 2769 uita
1112 2726 1180 2780 erepti
1191 2727 1242 2768 sunt

821 2800 869 2850 Aa,
880 2800 931 2849 108;
946 2811 973 2840 ex
983 2811 1035 2841 uase
1043 2798 1116 2840 solido
1127 2800 1148 2840 ct
1156 2811 1183 2841 ex
1190 2810 1242 2840 uase

823 2872 892 2914 fracto
906 2883 974 2914 sonus
989 2870 1059 2925 qualis
1072 2869 1176 2926 procedat
1189 2869 1209 2912 A
1221 2871 1240 2923 9,

821 2944 870 2987 324.

791 3024 854 3066 uates
866 3023 997 3077 magnificus
1009 3022 1134 3065 Hieremias
1145 3021 1164 3063 A
1175 3023 1194 3075 5,
1205 3022 1238 3065 55.

791 3114 849 3145 uena
862 3101 933 3145 cordis
947 3103 979 3155 17,
993 3102 1032 3153 21;
1044 3103 1078 3155 32,
1091 3103 1137 3144 270.

301 3181 401 3223 temtatio
415 3180 440 3223 iit
453 3181 518 3223 etiam
532 3181 554 3222 in
567 3179 750 3236 magnis33,16;
790 3180 866 3223 uenia:
888 3179 930 3222 sub
950 3179 1014 3222 uenia
1035 3180 1129 3221 uiuimus
1151 3179 1185 3232 33,
1206 3177 1238 3221 17.

331 3253 353 3294 in
363 3252 516 3295 temtationem
525 3252 611 3305 intrare,
622 3250 692 3294 malae
700 3262 750 3293 con-

331 3325 477 3380 cupiscentiae
485 3325 609 3367 consentire
619 3325 654 3367 est
660 3325 694 3378 33,
703 3324 749 3366 118.

300 3399 375 3441 timor:
399 3410 464 3442 nemo
485 3399 548 3442 timet
569 3398 624 3445 iram
645 3398 749 3453 potentis,

299 3505 352 3558 242

821 3253 855 3295 24.
867 3253 900 3295 25.
913 3252 965 3303 113;
976 3251 1072 3306 petenda
1082 3251 1147 3293 uenia
1157 3250 1184 3293 de
1195 3250 1238 3292 lac·

819 3325 854 3378 tis,
876 3323 904 3366 de
926 3324 995 3377 dictis,
1017 3323 1045 3366 de
1068 3322 1238 3379 cogitationibus

818 3396 910 3450 33,115.
