2819 4040
657 338 676 379 S.
690 339 794 390 Augustini
808 342 899 381 tractatus

311 463 419 517 sufficit
434 462 527 516 nobis:
545 462 661 517 ulterius
677 464 752 517 enim
766 481 823 519 non
838 466 890 519 erit
904 463 980 533 quod
995 472 1167 531 quaeramus
1182 478 1243 517 eum

309 550 416 614 patrem
427 547 615 602 didicerimus,
636 547 672 601 Et
685 547 732 600 illc
744 549 844 603 uolens
858 547 1047 604 seostendere
1060 548 1131 616 patri
1145 563 1243 615 aequa·

309 631 370 696 lem,
396 630 513 699 Tanto,
539 633 636 699 inquit,
662 634 806 699 tempore
831 635 996 687 uobiscum
1022 646 1101 699 sum,
1117 634 1157 684 et
1181 647 1241 685 non

307 717 512 782 cognouistis
532 717 597 770 me?
998 747 999 755 κ

367 799 392 853 3.
409 797 454 869 (l)
472 798 629 868 philippe,
645 801 697 867 qui
712 816 758 854 me
772 802 865 869 uidit,
880 803 963 856 uidit
976 803 1006 855 et
1020 803 1149 868 patrem.
1165 798 1274 862 Quidao

307 886 357 951 est,
371 882 428 947 Qui
441 900 484 938 me
497 885 577 952 uidii,
589 885 662 938 uidit
674 888 701 938 et
714 887 829 954 patrem,
842 889 896 940 nisi
910 888 974 955 quia
987 902 1042 940 non
1055 902 1098 938 me
1110 885 1190 939 uides
1202 887 1241 951 tu,

307 970 371 1035 quia
387 970 520 1022 maiorem
535 971 617 1038 putas
632 971 758 1037 patrem?
773 969 830 1034 Qui
846 989 889 1025 me
904 972 983 1038 uidit,
998 970 1070 1024 uidit
1085 972 1112 1023 et
1126 972 1241 1037 patrem.

307 1051 371 1105 Non
382 1054 444 1105 sine
455 1069 539 1107 causa
550 1056 631 1122 putas
643 1057 749 1121 patrem
761 1055 895 1109 sufficere
906 1056 966 1123 tihi,
979 1056 1031 1108 nisi
1044 1055 1108 1122 quia
1118 1070 1161 1106 me
1173 1069 1241 1106 non-

305 1135 372 1187 dum
383 1136 473 1190 uides.
485 1135 613 1190 Ostende
625 1137 706 1190 nobis
718 1141 833 1206 patrem,
846 1141 874 1193 et
885 1139 994 1193 suflicit
1005 1139 1095 1192 nohis.
1107 1136 1178 1192 Vide
1189 1153 1240 1202 me,

167 1234 285 1289 nannum
306 1221 333 1271 et
353 1219 470 1274 sufficio
489 1221 549 1275 tihi.
577 1220 613 1274 Et
632 1224 724 1274 tamen
745 1222 852 1275 uidenti
873 1223 924 1276 hoc
944 1222 1064 1275 dicebat:
1090 1221 1197 1274 uidenti
1215 1221 1241 1272 et
1249 1236 1272 1272 aa

153 1281 363 1369 iffiffifflnon
376 1306 495 1358 uidenti:
511 1306 618 1358 uidenti
632 1304 752 1358 formam
767 1307 848 1372 serui,
863 1323 919 1360 non
932 1307 1040 1360 uidenti
1053 1305 1173 1358 formam
1186 1304 1240 1357 dei.

211 1379 238 1409 ‘⁵¹'
307 1386 380 1441 Nam
398 1391 422 1442 si
434 1389 559 1466 =tormam
577 1389 622 1442 dei
640 1390 756 1456 uideret,
775 1390 814 1442 ibi
830 1391 940 1443 uideret
957 1389 1100 1457 aequalem
1117 1389 1188 1456 patri
1206 1388 1241 1440 ii·

306 1472 385 1525 lium:
406 1475 470 1541 quia
484 1488 551 1526 cum
568 1475 598 1526 in
616 1472 721 1526 forma
737 1473 789 1532 dei
805 1477 902 1541 esset,
919 1486 982 1528 non
998 1475 1141 1541 rapinam
1158 1472 1241 1526 arhi-

304 1557 785 1624 tratusestesseaequalisdeo
797 1556 872 1621 Quia
883 1561 980 1612 natura
991 1560 1057 1624 erat,
1069 1557 1166 1625 rapina
1183 1572 1239 1609 non

305 1644 372 1696 erat.
395 1641 448 1695 Cui
464 1643 561 1710 rapina
578 1642 641 1708 tuit,
658 1641 768 1707 cecidit3
790 1644 817 1695 et
832 1642 907 1695 unde
924 1642 1031 1708 cecidit,
1049 1642 1114 1695 inde
1130 1641 1238 1694 deiecit.
1247 1658 1272 1694 ro

306 1724 401 1793 ipsam
423 1726 495 1779 enim
516 1725 641 1792 rapinam
664 1740 725 1778 cum
748 1725 860 1779 homine
884 1741 964 1793 quem
987 1725 1088 1778 deiecit
1109 1724 1239 1778 diabolus

304 1811 505 1863 communicare
520 1809 618 1876 uoluit,
633 1811 663 1862 ut
678 1809 793 1863 haberet
807 1811 936 1862 comitem
952 1811 980 1862 in
996 1810 1142 1877 supplicio,
1159 1824 1240 1877 quem

304 1896 461 1947 consortem
481 1894 570 1948 uoluit
587 1894 689 1947 habere
709 1896 736 1947 in
757 1896 878 1961 peccato.
905 1893 983 1957 Quid
1002 1895 1075 1947 enirn
1095 1893 1172 1946 aliud
1190 1893 1238 1946 ho·

303 1986 425 2039 minibus
447 1986 524 2053 dixit,
546 1986 611 2039 nisi:
633 1982 771 2048 Gustate,
787 1985 814 2037 et
827 1983 997 2053 aperientur
1010 1982 1097 2037 uobis
1110 1981 1199 2046 oculi,
1211 1984 1239 2034 et

301 2067 384 2122 eritis
396 2072 545 2138 tamquam
558 2068 616 2122 dii?
641 2071 720 2124 Haec
735 2073 778 2124 est
793 2072 898 2139 rapina.
922 2069 1058 2138 Superbia
1072 2071 1126 2123 ista
1141 2071 1238 2137 rapina
1246 2086 1270 2123 45

303 2159 353 2223 est,
375 2158 520 2224 usurpatio
539 2158 588 2223 est,
610 2173 666 2210 non
687 2157 823 2224 dignatio.
851 2155 926 2209 Nam·
944 2156 967 2208 si
988 2171 1044 2208 non
1063 2169 1237 2221 usurpemus,

303 2242 405 2294 erimus
421 2243 519 2309 gratia,
535 2241 611 2308 quod
628 2240 757 2308 superbia
773 2257 829 2294 non
846 2242 959 2305 erimus;
979 2241 1015 2292 ad
1030 2239 1148 2308 gratiam
1165 2238 1237 2292 enim

302 2327 430 2392 pertinet,
456 2325 524 2392 Ego
546 2326 625 2392 dinei,
649 2326 695 2377 dii
719 2327 810 2391 estis
827 2326 865 2377 'et
888 2325 955 2377 filii
977 2325 1096 2378 excelsi
1118 2338 1236 2377 omnes.

302 2409 358 2463 Sed
372 2426 425 2477 ego
439 2411 507 2463 dixi:
529 2409 603 2477 quod
617 2409 684 2475 dixi,
699 2410 758 2476 ipse
772 2409 848 2462 iacit.
868 2408 924 2461 Sed
938 2409 1034 2476 quales
1048 2409 1087 2461 dii
1100 2407 1236 2473 homines,

302 2494 398 2561 quales
412 2495 471 2547 dii?
489 2493 628 2561 ‘Aequales
643 2495 750 2560 angelis
765 2493 819 2546 dei.
842 2493 905 2546 Hoc
918 2493 1085 2560 promissum
1099 2495 1149 2558 est,
1164 2493 1269 2545 ultraso

301 2594 357 2631 non
370 2594 544 2645 quaeramus:
562 2594 617 2631 non
630 2577 768 2631 enimdeo
781 2577 910 2645 aequales
920 2579 1031 2642 crimus,
1042 2577 1094 2630 sed
1105 2578 1235 2643 aequales

301 2662 403 2729 angelo
420 2663 495 2729 iacti,
512 2663 540 2715 in
556 2665 630 2715 terra
646 2665 754 2729 patrem
771 2661 906 2715 etlilium
923 2663 950 2714 et
966 2662 1093 2728 spiritum
1111 2662 1235 2713 sanctum

255 2748 372 2799 sesicut
391 2747 536 2813 credimus,
556 2748 594 2800 ita
616 2748 643 2799 et
662 2746 800 2799 uidemus.
828 2744 903 2809 Quia
923 2762 990 2813 ergo
1010 2741 1157 2815 multtum
1178 2748 1236 2798 erat

301 2828 461 2898 Philippum
474 2830 569 2883 uidere
583 2830 659 2897 quod
672 2830 743 2882 dixit
757 2830 886 2883 dominus
901 2861 935 2867 -
949 2829 1038 2883 adhuc
1051 2830 1124 2883 enim
1136 2844 1235 2897 grana-

298 2914 381 2967 batur
409 2930 524 2982 corpore
553 2914 738 2983 corruptibili:
768 2914 893 2967 nondum
921 2917 1035 2968 uenerat
1063 2913 1139 2981 quod
1167 2914 1267 2967 dicitss

299 2998 455 3067 apostolus,
472 2999 623 3052 Videmus
640 3014 721 3052 nunc
738 3014 794 3066 per
811 2998 974 3066 speculum
993 2999 1024 3051 in
1042 3000 1234 3065 aenigmate,

297 3081 1233 3150 tuncautemfacieadfaciem—quiamultumcratillumcogi-

297 3170 356 3220 tare
369 3167 446 3239 quod
458 3167 565 3220 audiuit
577 3185 592 3219 a
605 3168 728 3234 domino,
741 3165 799 3234 Qui
811 3183 854 3219 me
866 3165 946 3233 uidit,
958 3166 1031 3219 uidit
1043 3168 1070 3218 et
1082 3167 1233 3232 patrem...

298 3252 485 3305 Considerate
499 3267 555 3304 non
568 3251 672 3304 frustra
686 3251 798 3317 dictum,
812 3250 885 3303 uidit
898 3253 925 3303 et
935 3253 1053 3317 patrem.
1075 3248 1140 3303 Non
1154 3250 1231 3317 dixit,

295 3334 352 3402 Qui
366 3352 409 3388 me
422 3335 502 3402 uidit,
516 3335 586 3388 uidit
599 3338 716 3401 patrem3
730 3348 766 3392 net
777 3335 856 3387 daret
868 3337 1043 3388 occasionem
1056 3332 1231 3401 Sabellianis‚
1241 3349 1266 3386 oo

294 3422 342 3488 qui
363 3422 492 3473 dicuntur
513 3418 721 3486 patripassiani,
744 3420 788 3485 qui
809 3420 905 3471 dicunt
924 3420 1015 3486 ipsum
1035 3433 1097 3471 esse
1117 3420 1231 3486 patrem,

294 3540 330 3593 lo
