2819 4040
645 299 664 339 ὃ.
678 299 783 363 Augustini
795 301 887 341 tractatus

343 423 409 466 etiam
431 422 454 466 in
475 422 575 466 oratione
603 421 712 466 dominica
741 425 764 467 et

343 495 462 539 cottidiana
481 496 500 550 1,
518 496 570 538 262:
588 495 616 538 cf.
634 497 654 549 9,
671 496 710 546 90,
728 496 763 549 33,

343 569 382 620 23;
405 566 529 611 dominicae
550 567 657 610 orationis
681 569 763 622 quanta

342 640 376 682 uis
395 639 415 682 Α
431 641 451 693 4,
470 642 524 692 5ss;
542 639 705 683 catechumenis
721 641 763 682 tra·

342 711 400 755 ditur
422 711 441 755 Α
461 713 481 766 4,
503 714 522 756 3.
545 713 583 764 13,
603 715 625 756 et
645 712 763 767 exponitur

831 423 888 466 trina
909 422 1028 478 patientiae
1048 423 1103 477 3,2;
1126 423 1163 479 qui
1186 423 1250 468 nobis

831 496 942 551 insultant,
963 496 1023 551 quod
1044 496 1163 540 Dominum
1184 498 1251 541 cruci-

831 569 900 613 fixum
915 568 1020 624 colamus,
1032 569 1125 613 omnino
1140 568 1192 624 quid
1206 582 1251 614 cre·

831 642 910 686 damus
928 642 965 686 uel
984 642 1082 686 dicamus
1102 655 1147 686 non
1167 642 1250 687 intefle-

830 717 886 773 gunt
899 717 920 770 3,
936 715 969 767 56.

342 783 361 826 Α
382 785 482 839 4‚15ss.
505 785 612 827 orationis
639 784 762 828 dominicae
801 790 877 842 pastor
887 788 905 831 si
917 787 974 830 adsit
985 799 1083 842 corpore,
1095 786 1167 844 fugiat
1175 786 1249 841 corde,

341 859 415 900 textus
430 858 452 900 in
467 856 650 912 Carthaginiensi,
664 858 689 900 ut
702 857 762 900 uide-

341 933 382 983 tur,
400 929 493 973 ecclesia
507 931 609 984 receptus
627 929 646 971 Α
660 929 682 982 4,
699 930 761 973 16ss.

311 996 429 1039 orthodoxi
448 1008 493 1038 non
511 996 558 1039 sine
577 1007 644 1039 causa
662 995 762 1038 catholici

341 1067 448 1110 nominati
463 1067 496 1122 11,
509 1069 543 1112 99.

310 1140 409 1182 osculum
433 1140 494 1194 pacis
516 1139 583 1182 tudae
605 1139 761 1182 condemnatio

340 1212 383 1254 fuit
398 1213 432 1267 28,
447 1212 480 1255 76.

309 1297 366 1328 oues
381 1284 463 1328 Christi
478 1284 573 1327 amando
587 1283 708 1328 ostendunt
722 1284 761 1327 ho·
792 1316 806 1334 ,-

339 1356 408 1399 mines
417 1358 522 1410 quantum
531 1357 603 1398 ament
611 1356 719 1399 Christum
727 1356 760 1407 16,

831 860 884 915 quid
896 860 966 915 prode
980 860 1026 902 est?
1041 861 1076 911 28,
1086 860 1138 912 2463
1153 859 1250 915 pastoris

830 944 886 976 oues
904 931 999 975 amando
1017 932 1118 976 ostendis
1134 933 1157 976 te
1175 944 1248 976 amare

830 1005 941 1059 pastorem
954 1006 986 1058 16,
997 1005 1037 1055 30;
1049 1006 1161 1059 pastomm
1173 1016 1249 1047 nume·

830 1088 867 1119 rus
880 1076 907 1119 ad
917 1077 984 1121 unius
996 1076 1091 1131 pastoris
1103 1088 1182 1131 corpus
1193 1075 1249 1120 redi·

829 1149 888 1205 gitur
907 1148 939 1203 16,
958 1149 997 1200 63;
1015 1149 1092 1203 pastor
1110 1159 1210 1191 summus
1226 1150 1249 1191 et

830 1220 933 1274 optimus,
949 1219 1051 1263 Christus
1063 1220 1084 1264 A
1098 1222 1118 1273 9,
1133 1221 1185 1272 4263
1198 1230 1248 1275 por·

828 1294 861 1335 tat
884 1294 907 1335 et
928 1292 1005 1347 reficit,
1028 1292 1085 1348 regit
1107 1293 1130 1335 et
1152 1291 1247 1335 custodit

829 1364 879 1419 Α9,
889 1365 937 1408 421.

341 1430 409 1480 13ss;
419 1430 455 1484 32,
468 1430 520 1480 103;
531 1428 602 1484 pascit
612 1440 668 1472 oues
679 1427 760 1471 christi
798 1437 895 1491 patiendi
909 1437 1024 1492 disciplina
1038 1438 1071 1492 28,
1083 1437 1134 1489 aaa
1148 1436 1170 1479 in
1184 1448 1247 1479 cruce

341 1501 425 1556 Petrus,
442 1514 487 1544 non
501 1513 555 1545 suas
570 1502 603 1555 17,
619 1502 658 1552 73;
672 1502 706 1553 23,
721 1501 760 1552 56,

828 1509 927 1553 doctrina
940 1510 1059 1565 patientiae
1072 1512 1093 1564 3,
1107 1512 1126 1553 3.
1141 1511 1174 1553 87.

339 1575 389 1616 ouis
403 1575 495 1617 errantis
508 1573 590 1617 clamor
603 1572 631 1617 aa
646 1573 759 1616 Pastorem
799 1583 946 1638 Patripaaiani
963 1583 1015 1626 dicti
1030 1582 1146 1626 Saburram
1163 1583 1196 1636 11,
1212 1582 1246 1625 or.

340 1646 391 1701 no,
405 1647 453 1690 ass.

798 1654 894 1709 paulum,
907 1654 920 1698 i.
932 1668 950 1698 e.
961 1654 1084 1698 modicum:
1096 1655 1147 1708 post
1156 1653 1247 1708 paulum

828 1726 908 1770 uidebo
923 1728 945 1770 te
960 1728 994 1782 23,
1011 1727 1062 1778 134,
1077 1727 1111 1780 24,
1126 1727 1172 1770 156.

309 1796 447 1850 paenitentes
459 1795 588 1851 rogantibus
600 1808 640 1851 pro
652 1796 695 1839 illis
705 1795 759 1839 fide·
799 1800 885 1855 Paulus,
896 1799 996 1843 modicus
1008 1802 1042 1853 23,
1055 1800 1106 1851 134;
1118 1800 1151 1853 24,
1164 1800 1203 1842 153
1211 1811 1246 1850 ss;

338 1867 396 1911 tibus
414 1869 581 1912 reconciliantur
598 1870 630 1922 16,
649 1870 682 1912 60.

308 1941 444 1995 paenitentia
455 1941 538 1984 donum
552 1941 592 1984 Dei
605 1943 639 1984 est
650 1942 684 1995 17,
694 1942 727 1984 47.

308 2025 447 2067 paganorum
462 2014 537 2056 nescio
552 2014 600 2068 quis
615 2015 697 2066 auctor,
712 2014 725 2056 i.
739 2026 757 2057 e.

338 2085 417 2128 Cicero
432 2086 465 2140 31,
476 2087 512 2135 78;
528 2097 618 2141 magum
633 2098 682 2128 esse
698 2084 759 2127 Chri-

338 2159 396 2200 stum
412 2158 494 2212 pagani
510 2157 641 2200 effutiebant
656 2157 676 2199 Α
690 2159 710 2210 7,
724 2158 757 2201 86.

307 2243 387 2285 panem
412 2230 523 2274 Christum
548 2231 628 2273 Christi
652 2231 758 2285 operariis

337 2302 461 2344 ministrant
475 2301 601 2346 sacerdotes
616 2304 636 2355 9,
647 2303 699 2353 151;
720 2315 757 2356 pa·

336 2375 370 2417 nis
393 2373 473 2417 Christi
495 2374 607 2429 quomodo
629 2374 684 2417 fiant
704 2387 757 2417 neo·

827 1874 938 1926 tamquam
951 1871 1037 1915 fimbria
1048 1872 1070 1914 in
1081 1872 1144 1914 ueste
1156 1870 1245 1913 Domini

827 1944 921 1995 23,136;
932 1944 1026 1995 24,161;
1042 1941 1103 1985 Pauli
1117 1954 1162 1984 non
1173 1942 1205 1983 est
1215 1941 1247 1982 in-

826 2015 887 2069 iuria,
910 2013 949 2057 ubi
974 2013 1140 2058 commendatur
1164 2012 1244 2056 Christi

826 2088 896 2142 gratia
916 2087 1016 2140 23,145;
1042 2085 1083 2128 Dei
1109 2085 1168 2128 dona
1193 2085 1245 2128 sunt

826 2160 874 2213 ipsa
893 2158 955 2201 Pauli
975 2159 1051 2202 merita
1071 2160 1105 2212 23,
1126 2159 1172 2201 183.
1192 2159 1244 2209 1901

826 2231 859 2284 24,
870 2230 911 2272 194
916 2243 922 2281 ;
944 2229 1032 2282 Paulus,
1050 2228 1128 2272 doctor
1144 2228 1243 2285 gentium

827 2304 860 2357 24,
874 2305 908 2346 36.
922 2304 961 2354 49;
975 2302 1024 2357 plus
1038 2314 1117 2357 passus
1131 2303 1165 2345 est
1178 2312 1243 2356 quam

825 2375 883 2429 fecit,
896 2386 973 2417 usuras
985 2375 1067 2429 accepit
1080 2375 1113 2427 24,
1125 2375 1164 2426 91;
1175 2380 1244 2416 11111611

336 2447 398 2502 phyti
413 2449 432 2502 7,
446 2448 509 2491 46ss.
825 2459 873 2490 cum
893 2446 957 2490 Petro
974 2445 1041 2489 habet
1058 2446 1168 2500 passionis
1185 2445 1242 2488 diem

305 2534 441 2576 parasceuen
455 2522 529 2565 iudaei
541 2529 618 2565 cenam
629 2533 705 2576 puram
717 2530 756 2564 uo·
825 2521 858 2574 24,
875 2521 926 2571 187;
941 2519 968 2563 cf.
984 2520 1018 2572 23,
1034 2519 1058 2570 6;
1071 2520 1105 2571 24,
1120 2520 1145 2570 3;
1160 2519 1182 2561 et
1196 2518 1243 2572 qui-

335 2595 386 2636 cant
403 2595 422 2648 5,
440 2595 487 2636 107.
823 2591 874 2636 dem
891 2592 1076 2636 soliemnissimum
1093 2594 1127 2648 24,
1145 2593 1197 2644 121;
1214 2591 1241 2636 cf.

305 2665 404 2709 Paschae
424 2666 499 2721 uigilia
517 2666 594 2710 ceteris
613 2666 717 2709 sacratior
734 2666 754 2720 4,
823 2665 908 2708 Saulus.

334 2740 347 2780 8
353 2752 359 2790 ;
379 2738 490 2781 dominico
509 2740 637 2782 octauarum
658 2737 754 2781 Paschae
793 2749 901 2792 pauperes
920 2736 1007 2792 Christi,
1026 2737 1101 2780 mundi
1120 2738 1171 2779 sunt
1188 2736 1242 2779 iat-

334 2811 403 2854 multa
413 2810 501 2868 agenda
511 2812 543 2865 19,
554 2813 592 2863 50;
602 2810 649 2854 dies
657 2810 754 2854 Paschae
823 2810 872 2852 rarii
887 2809 906 2851 Α
919 2811 939 2864 4,
954 2811 1005 2861 136;
1019 2809 1117 2853 barbaris
1129 2821 1242 2853 reseruan-

333 2885 356 2926 in
367 2883 441 2927 Natali
453 2883 542 2927 Domini
553 2883 694 2927 adnuntiatus
705 2883 725 2925 Α
735 2884 754 2937 1,
823 2884 864 2937 1111,
877 2894 933 2936 quae
946 2882 1079 2937 pauperibus
1092 2894 1137 2925 non
1149 2894 1242 2938 erogan-

334 2957 386 3007 101;
410 2968 499 3011 semper
520 2956 645 2999 Christiano
669 2955 753 2998 Pascha
822 2958 857 2999 tur
868 2955 917 3011 Α9,
930 2957 981 3008 194;
992 2957 1014 2999 in
1025 2968 1122 3011 paupere
1133 2968 1177 2999 non
1187 2963 1241 3010 pau·

332 3031 373 3082 est,
397 3028 486 3083 quando
514 3029 534 3072 ei
563 3041 606 3072 non
628 3028 754 3072 dominatur
822 3029 895 3083 pertas
903 3027 944 3072 sed
954 3029 1025 3083 pietas
1035 3027 1241 3083 1audatur30,137;

332 3099 527 3155 inimicus46,3.
821 3102 972 3155 paupertatem
999 3100 1099 3144 Christus
1125 3099 1193 3144 uerbo
1218 3101 1241 3143 et

302 3174 413 3227 passionis
428 3174 588 3216 sacramentum
603 3185 644 3216 nec
658 3172 687 3216 ab
701 3171 753 3216 alta·
821 3173 923 3228 exemplo
936 3173 1011 3217 docuit
1025 3173 1044 3216 Α
1057 3175 1076 3228 9,
1091 3174 1138 3216 217.

332 3246 364 3288 rio
379 3258 421 3289 nee
434 3245 462 3288 ab
476 3258 514 3288 ore
530 3257 555 3288 ac
567 3245 639 3289 fronte
653 3244 753 3288 fidelium
791 3258 846 3301 pax:
856 3258 932 3301 pacem
943 3245 1067 3300 amandam,
1077 3245 1239 3300 separationem

332 3329 437 3372 umquam
449 3316 542 3361 discedit
554 3318 696 3372 2,4;passio
707 3317 752 3360 Do·
820 3317 941 3362 cauendam
966 3318 1019 3361 iuda
1041 3318 1098 3361 inter
1120 3317 1240 3372 discipulos

331 3391 384 3433 mini
403 3389 484 3433 fiducia
502 3390 585 3448 gloriae
604 3392 644 3445 est,
662 3391 684 3433 et
701 3390 752 3433 doc·
819 3389 909 3432 tolerato
931 3388 1032 3433 Christus
1050 3388 1138 3433 edocuit
1157 3390 1190 3444 28,
1200 3390 1239 3441 59;

301 3498 355 3550 238
