2819 4040
465 347 541 385 xxxii.
555 347 585 386 De
598 348 719 386 ordinatione
733 348 820 396 episcopi

179 474 252 527 enim
263 488 314 525 uos
326 474 352 524 in
364 475 442 539 petra
453 474 604 541 aedificari,
615 477 748 544 templum
759 477 813 529 deo
824 491 945 542 surgere,
957 474 992 527 ad
1003 473 1111 539 capien-

135 577 172 613 no
179 558 246 611 dum
260 556 343 609 deum
359 557 476 609 idoneos
492 558 563 624 fieri,
580 576 656 626 spem
672 563 792 613 uestram
808 577 862 614 non
879 561 905 612 in
922 561 1026 612 incerto
1042 557 1111 609 fluc-

179 647 264 707 tuare,
286 641 336 693 sed
357 642 384 692 in
405 640 498 693 solido
519 642 661 698 collocare.
689 643 911 711 Qualescumque
933 660 984 697 nos
1005 657 1109 708 sumus

179 741 231 779 uos
247 726 334 777 securi
350 741 410 777 esse
426 724 542 778 debetis.
566 726 701 793 Equidem
717 729 820 781 bonum
835 730 877 780 est
892 729 981 794 nobis,
997 729 1027 780 ut
1043 725 1109 778 boni

179 809 332 876 praepositi
355 811 478 875 episcopi
500 825 560 861 esse
582 811 740 878 debeamus,
764 829 819 864 non
844 814 948 864 tantum
971 826 1109 875 uocemur,

179 892 232 945 hoc
246 892 350 945 bonurn
365 894 407 944 est
422 892 514 945 nobis:
536 893 637 948 talibus
654 897 725 948 enim
741 912 841 962 magna
856 911 958 948 merces
974 893 1109 962 promitti-

134 991 170 1028 245
179 979 230 1029 tur.
251 974 306 1028 Sed
322 977 345 1028 si
362 992 418 1028 non
435 975 569 1029 fuerimus
585 979 663 1045 tales,
680 979 730 1031 sed
746 980 819 1045 mali,
836 979 911 1045 quod
928 979 1008 1045 absit,
1025 978 1108 1031 fueri-

179 1076 248 1126 mus,
264 1062 291 1112 et
306 1060 426 1113 honores
443 1064 553 1114 nostros
570 1065 682 1130 propter
698 1065 885 1130 nosmetipsos
901 1064 1107 1130 quaesierimus,

179 1146 325 1212 praecepta
350 1145 396 1197 dei
421 1145 630 1213 neglexerimus,
657 1147 773 1199 salutern
799 1149 919 1199 uestram
945 1163 995 1213 pro
1021 1145 1108 1199 nihilo

178 1229 363 1295 habuerimus
380 1229 485 1281 maiora
501 1230 636 1296 supplicia
653 1247 703 1283 nos
720 1232 871 1297 expectant,
889 1246 969 1296 quam
986 1231 1107 1297 praemia

179 1328 248 1380 quae
264 1314 403 1379 promissa
419 1316 490 1366 sunt.
514 1312 568 1366 Sed
585 1314 657 1366 absit
674 1332 689 1367 a
705 1315 795 1381 nobis,
812 1316 839 1366 et
854 1316 931 1366 orate
947 1330 998 1381 pro
1014 1314 1106 1366 nobis:

133 1413 170 1450 250
179 1398 282 1464 quanto
296 1398 368 1449 enim
382 1398 409 1448 in
423 1396 521 1450 altiore
535 1397 604 1464 loc0,
618 1401 696 1450 tanto
710 1399 737 1449 in
751 1399 855 1450 maiore
868 1397 990 1463 periculo
1004 1412 1106 1450 sumus.

179 1480 344 1547 Cogitamus
370 1481 442 1533 enim
467 1497 548 1548 quam
573 1483 707 1535 rationem
732 1481 882 1534 reddamus
908 1481 942 1533 de
967 1481 1107 1547 obsequiis

177 1565 328 1632 hominum,
349 1565 484 1632 quamde
504 1564 657 1618 maledictis
678 1565 828 1618 hominurn.
855 1564 939 1617 Multi
960 1565 1040 1617 nobis
1059 1566 1107 1617 ob-

177 1650 313 1715 secuntur,
330 1649 409 1701 multi
424 1649 505 1701 nobis
521 1649 676 1715 detrahunt,
693 1649 829 1716 nobisque
845 1647 1018 1700 maledicunt.
1041 1646 1106 1700 Plus
1136 1668 1238 1722 naama

178 1749 229 1785 nos
243 1732 348 1786 faciunt
359 1733 516 1800 periclitari,
529 1735 575 1800 qui
588 1734 763 1798 obsecuntur,
777 1748 858 1799 quam
872 1734 917 1798 qui
930 1731 1106 1784 maledicunt:
1139 1717 1233 1799 ’ζζξξξξζῗζῖ

133 1834 168 1870 255
177 1817 341 1883 obsequium
356 1819 428 1870 enim
442 1818 584 1870 hominum
599 1818 694 1871 titillat
708 1818 866 1883 superbiam
880 1819 1011 1882 nostram,
1026 1816 1108 1868 male·
1115 1820 1159 1849 ‘lm'
1171 1811 1258 1841 nnana,

177 1902 251 1953 dicta
274 1901 415 1954 hominum
437 1904 563 1953 exercent
586 1902 747 1967 patientiam
771 1903 905 1953 nostram:
936 1900 1001 1952 alibi
1024 1901 1107 1953 timeo

178 1986 295 2052 lapsum,
319 1985 385 2038 alibi
407 1986 517 2038 munior
539 1986 677 2038 firmatus
708 1984 780 2037 Nam
804 1984 988 2051 Opprobria
1010 1985 1108 2037 bomi-

178 2086 260 2136 num,
274 2071 312 2123 ait
324 2071 390 2123 mihi
403 2072 515 2137 quidam
529 2087 673 2123 seruorum
686 2071 739 2137 dei,
754 2072 854 2123 nolite
868 2073 1013 2123 metuere.
1035 2069 1108 2123 Dicit

177 2156 203 2206 et
216 2154 346 2207 dominus
360 2154 436 2207 lesus
449 2155 590 2208 Christus:
611 2154 701 2208 Beati
714 2156 817 2222 eritiS,
829 2171 896 2208 curn
908 2156 1001 2208 uobis
1014 2157 1107 2208 male-

131 2239 318 2292 aoodixerint
332 2239 489 2306 homines,
504 2241 534 2292 et
548 2239 690 2292 dixerint
705 2256 795 2292 omne
811 2240 925 2293 malum
940 2240 1107 2292 aduersum

176 2339 246 2389 u0S‚
268 2325 470 2391 mentientes,
491 2327 624 2391 propter
644 2341 699 2378 me.
728 2324 799 2377 Nam
821 2325 844 2376 si
866 2324 912 2390 qui
933 2324 1107 2389 maledicunt,

177 2410 204 2459 et
218 2423 284 2460 uera
297 2409 400 2474 dicunt,
416 2424 472 2460 non
487 2409 558 2460 male
573 2408 676 2475 dicunt,
692 2410 756 2475 quia
770 2424 836 2461 uera
850 2408 955 2472 dicunt3
974 2408 1023 2460 sed
1038 2408 1107 2460 male

176 2491 279 2557 dicunt,
298 2493 343 2559 qui
361 2492 434 2544 falsa
450 2493 553 2545 dicunt.
578 2492 668 2545 Nobis
687 2494 777 2544 autem
795 2492 861 2559 quid
878 2492 1005 2558 promisit
1022 2491 1107 2544 domi-

177 2574 412 2629 nus?,Gaudete
425 2577 455 2628 et
468 2577 621 2642 exultate,
637 2578 709 2643 quia
724 2592 843 2629 merces
856 2579 964 2628 uestra
977 2577 1107 2641 copiosa

131 2661 224 2713 aerest
249 2660 279 2711 in
301 2660 409 2713 caelis.
440 2659 532 2726 Auget
556 2661 708 2712 mercedem
733 2676 821 2712 meam
846 2659 995 2712 maledicus
1020 2675 1106 2711 meus:

176 2744 298 2795 minuere
321 2744 383 2796 uult
404 2745 557 2797 mercedem
581 2761 669 2797 meam
694 2744 823 2796 adulator
847 2759 932 2797 meus.
963 2743 1017 2796 Sed
1042 2744 1107 2810 quid

175 2828 273 2893 dicam,
288 2827 408 2881 tratres?
427 2828 466 2880 Ut
479 2830 611 2894 augeatur
624 2844 726 2880 merces
740 2831 843 2894 nostra,
857 2830 954 2894 optare
966 2828 1106 2894 debemus

175 2914 205 2963 ut
229 2911 355 2964 maledici
378 2912 458 2964 sitis?
489 2912 626 2964 Nolumus
651 2912 724 2964 malo
748 2915 842 2965 uestro
867 2915 989 2965 nostram
1013 2914 1106 2978 augeri

176 2995 336 3048 mercedem.
363 2994 492 3047 benedici
510 2997 608 3060 estote,
626 2996 823 3061 obsequimini3
846 3011 896 3049 nos
913 2995 1106 3062 periclitemur,
1150 3007 1221 3061 cursus

130 3083 202 3155 arqet
216 3096 268 3132 uos
283 3096 338 3132 non
353 3081 560 3133 deminuamini.
581 3078 659 3145 Quid
675 3096 750 3146 erg0,
766 3082 789 3132 si
805 3080 925 3147 populus
941 3081 1058 3131 incurrat
1079 3081 1106 3130 in
1130 3064 1242 3141 episs'ssssffii

175 3166 335 3231 episcopum
348 3164 468 3217 malurn?
488 3164 625 3216 Dominus
639 3167 665 3216 et
677 3165 825 3231 episcopus
838 3166 1028 3230 episcoporum
1041 3162 1107 3216 fecit

175 3265 307 3316 securum,
323 3245 327 3319 Ι
341 3266 374 3301 ne
389 3265 453 3315 spes
468 3252 560 3301 uestra
575 3251 602 3300 in
617 3249 728 3301 homine
743 3251 787 3302 sit.
807 3250 876 3302 Ecce
891 3250 918 3301 in
933 3250 1043 3301 nomine
1057 3249 1107 3300 do·
1118 3264 1161 3300 roo

175 3336 241 3386 mini
256 3335 402 3401 episcopus
416 3334 498 3386 uobis
513 3333 623 3400 loquor:
639 3334 728 3400 qualis
743 3336 796 3386 sim*
810 3350 869 3401 ego,
885 3335 988 3386 nescio:
1004 3336 1108 3400 quanto

175 3419 265 3470 minus
277 3419 347 3471 uos?
360 3416 436 3480 Quid
449 3419 520 3469 enim
533 3419 584 3469 sirn
597 3418 633 3471 ad
645 3418 750 3484 horam,
763 3434 877 3486 possum
890 3421 1035 3484 utcumque
1048 3433 1107 3470 sen-

1058 3537 1108 3590 149
