2819 4040
633 312 652 353 S.
666 313 770 363 Augustini
783 315 875 352 tractatus

305 432 352 486 ille
372 433 451 486 diues
471 434 498 486 in
519 434 675 501 euangelio,
695 435 777 488 etiam
797 432 938 488 Abraham
958 435 1046 487 tristis
1067 433 1281 487 abscederet2⁵⁰

304 520 431 589 ,Dimitte
445 523 568 577 diuitias‘
583 525 670 577 tristis
686 524 802 591 audiret,
816 526 862 593 qui
877 523 1002 591 ,lmmola
1017 522 1083 577 milri
1097 522 1236 577 heredem‘

306 613 394 666 laetus
411 613 538 668 audiuit?
560 613 676 668 lmmola
692 614 758 668 mitri
774 616 884 669 unicum
899 617 985 681 tunm,
1000 614 1131 668 dilectum
1146 612 1238 668 tilium

304 706 393 757 tuum:
412 719 493 771 quem
511 706 585 771 dedi,
603 706 640 758 da
657 705 732 759 milri.
758 704 823 760 Non
841 706 988 771 dubitauit,
1006 722 1062 759 non
1080 704 1236 771 haesitauit,
1278 743 1281 749 .

306 811 362 848 non
386 794 565 857 deuotionem
586 797 700 849 tristitia
724 796 869 864 nubilauit,
893 812 942 849 nec
966 795 1166 861 immolaturus,
1190 810 1239 848 nec

305 884 504 939 immolandus:
516 902 579 939 nam
592 902 642 940 nec
655 888 714 954 ipse
725 902 794 953 puer
806 888 858 940 su'b
871 888 957 955 patris
969 886 1066 954 gladio
1077 885 1236 953 trepidauit.
1246 896 1282 933 255

307 974 413 1029 Ductus
432 979 473 1029 est
488 977 616 1044 gaudens
633 993 648 1030 a
666 976 814 1044 gaudente,
833 978 935 1045 ligatus
951 978 1002 1042 est,
1020 991 1083 1029 arae
1100 976 1239 1044 inpositus

305 1068 356 1132 est,
369 1082 418 1118 nec
429 1068 567 1120 cunctatio
580 1066 645 1119 tuit:
665 1068 756 1120 leuata
769 1069 812 1120 est
824 1064 911 1134 patris
924 1067 1029 1120 armata
1041 1066 1163 1132 dextera,
1176 1081 1239 1120 nus-

305 1171 387 1223 quam
403 1156 521 1224 trepida,
538 1172 674 1224 nusquam
691 1157 812 1224 infirma,
828 1174 877 1211 nec
893 1160 956 1211 ante
973 1158 1101 1225 deposita
1118 1157 1171 1209 nisi
1187 1155 1237 1209 illo

306 1246 417 1300 iubente
437 1262 493 1315 quo
512 1247 623 1301 iubente
643 1248 735 1301 fuerat
754 1250 852 1301 erecta.
881 1247 950 1301 Ecce
970 1247 1111 1316 quomodo
1130 1246 1238 1313 habete,

306 1339 333 1390 et
351 1337 482 1404 quicquid
499 1337 646 1404 potueritis
664 1337 775 1403 habete;
797 1354 853 1392 non
871 1341 902 1391 ut
918 1338 1084 1406 cupiditates
1103 1336 1238 1404 nutriatis,
1246 1347 1283 1386 noo

306 1428 356 1479 sed
370 1430 400 1480 ut
413 1427 530 1495 pietates
543 1427 706 1496 perficiatis
720 1430 747 1481 et
760 1428 833 1481 diem
848 1428 1030 1481 nouissimum
1044 1428 1132 1480 securi
1145 1443 1240 1495 expec-

305 1518 381 1570 tetis:
408 1533 472 1570 uere
492 1519 601 1586 diuites,
622 1519 697 1571 intus
716 1519 831 1584 diuites;
851 1518 922 1573 loris
941 1521 972 1572 ut
990 1518 1145 1586 potueritis
1165 1518 1238 1571 intus

305 1612 335 1659 ut
361 1607 428 1660 inssi
454 1606 571 1661 fueritis
605 1608 721 1661 Habes?
754 1606 911 1662 Dominus
937 1608 1035 1662 dedit.
1068 1606 1239 1662 Perdidisti?

307 1696 463 1752 Dominus
481 1699 625 1753 abstulit.
649 1698 758 1766 Gaude,
776 1702 915 1768 quoniam,
933 1701 979 1767 qui
996 1700 1119 1766 abstulit,
1137 1716 1192 1771 non
1209 1715 1239 1753 sc

215 1785 505 1860 r01.150abstulit.sslln
521 1791 572 1844 tihi
587 1807 643 1844 non
659 1790 777 1857 suflicit,
793 1792 882 1859 quite
898 1791 984 1845 facit?
1005 1790 1093 1844 Sicut
1108 1791 1282 1845 dominoass

306 1880 440 1947 placuit,
463 1882 507 1934 ita
528 1881 647 1935 factum
669 1884 726 1936 est.
756 1881 816 1949 Dic,
839 1883 906 1949 quid
928 1881 1028 1936 times?
1056 1881 1128 1936 Cum
1149 1885 1179 1935 tu
1200 1884 1239 1935 sis

306 1970 403 2037 malus,
419 1973 446 2024 et
460 1971 507 2025 ille
521 1972 621 2039 bonne,
636 1972 688 2025 tibi
703 1973 793 2040 placet
807 1972 919 2039 bonum,
935 1975 962 2026 et
976 1971 1017 2025 illi
1032 1971 1154 2026 malum?
1175 1971 1239 2025 Non

306 2064 399 2128 potest
417 2061 488 2117 fieri.
513 2061 605 2116 Crede
622 2062 726 2116 honum
743 2079 813 2130 esse,
832 2064 907 2131 quod
924 2063 1028 2131 placuit
1044 2063 1127 2116 bono.
1152 2061 1239 2116 Sicut

304 2151 434 2208 domino
458 2153 590 2220 placuit,
614 2155 659 2206 ita
682 2153 801 2206 tactum
824 2156 884 2207 est:
915 2156 957 2207 sit
981 2169 1091 2207 nomen
1118 2153 1237 2206 domini

305 2241 514 2296 benedictum.
543 2241 665 2296 Scimus
687 2246 761 2311 quia
783 2243 999 2312 diligentibus
1020 2244 1111 2297 deum
1134 2244 1283 2297 omniamo

304 2336 518 2400 cooperantur
536 2335 566 2386 in
586 2334 712 2387 bonnm.

367 2575 375 2615 1
399 2575 454 2617 Vide
476 2575 568 2618 Praetat.
587 2576 616 2618 ad
636 2589 657 2619 n.
680 2576 793 2618 LXXVlll.
828 2578 841 2617 2
862 2577 994 2619 NOBARUM
1015 2575 1042 2617 G.
1076 2574 1239 2624 Stortitudo

304 2655 368 2709 mea]
383 2656 410 2700 ct.
427 2655 462 2700 Ps.
479 2658 525 2709 117,
542 2658 567 2700 14
582 2659 605 2701 et
618 2658 644 2700 al.
673 2658 686 2700 9
701 2658 785 2701 uirtus
800 2657 864 2711 mea}
880 2657 916 2701 Ps.
933 2658 965 2712 17,
980 2659 999 2700 2.
1028 2658 1055 2698 11
1067 2656 1190 2713 lasciuus}
1211 2669 1239 2699 cx

304 2740 419 2783 lascibus
432 2753 449 2785 s,
464 2741 476 2783 l.
488 2752 541 2783 corr.
575 2740 740 2794 l8amanitlu
760 2740 814 2783 item
825 2753 852 2783 ex
871 2739 951 2783 hcorr.
976 2739 1074 2794 perdet]
1086 2751 1127 2794 pro
1138 2739 1239 2793 perdit?

304 2822 331 2861 22
347 2820 452 2874 lucrum]
470 2819 522 2865 Phil.
540 2823 558 2872 1,
570 2822 603 2865 21.
637 2822 664 2864 26
678 2820 814 2864 beruiatur
828 2821 855 2863 G.
890 2822 916 2863 27
932 2821 1003 2875 quot}
1019 2820 1110 2871 conieci;
1126 2819 1195 2874 quod
1209 2820 1237 2862 G.

304 2902 331 2944 29
346 2902 418 2945 uerbi
431 2914 467 2956 gr.
481 2903 592 2957 triginta
605 2902 673 2956 anni]
687 2902 714 2946 et.
728 2915 793 2957 supra
807 2903 877 2946 Tract.
891 2903 940 2955 Xll,
954 2904 967 2945 l.
982 2903 1015 2945 74.
1047 2905 1074 2945 35
1088 2904 1197 2946 externo
1210 2902 1237 2945 G.

304 2983 603 3039 lugitinolexiugitibo
649 2985 677 3027 36
692 2987 815 3027 externus
861 2983 1116 3041 prodelepost.eup.
1162 2985 1190 3025 39
1205 2995 1238 3037 sq.

302 3066 475 3120 dies...deusl
489 3067 516 3110 ct.
529 3079 595 3121 supra
608 3068 678 3111 Tract.
691 3067 771 3120 thlll,
786 3068 798 3110 l.
811 3068 825 3110 ὁ
838 3080 870 3121 sq.
903 3068 931 3110 39
942 3067 974 3110 :ad
986 3066 1020 3120 tel
1035 3067 1059 3108 1⁰
1072 3067 1120 3110 loco
1134 3068 1237 3118 exalte,

303 3151 327 3192 ut
345 3150 437 3203 uidetur,
455 3152 533 3204 postea
550 3163 603 3193 uero
621 3150 695 3193 nescio
713 3163 770 3207 qnae
787 3151 893 3194 litterulae
911 3150 987 3193 inscite
1005 3150 1164 3204 superscriptae
1182 3149 1238 3193 sunt.

304 3230 480 3274 redundabit
520 3230 792 3285 50etus112s.115,15.
827 3228 1177 3283 56nouittuexbs.lcorr.
1210 3230 1238 3270 02

303 3312 508 3357 confirmabit...
523 3314 627 3358 sanabit
640 3314 667 3366 Ο,
681 3316 738 3368 post.
752 3327 769 3358 s.
784 3313 796 3357 l.
811 3326 864 3357 corr.
878 3315 907 3356 02
919 3314 1013 3369 spiriru
1058 3313 1085 3355 63
1099 3310 1202 3366 corpus}
1215 3313 1238 3354 in

302 3407 344 3438 ras.
388 3395 734 3450 olquodlitasicompendio.
767 3407 816 3439 non
830 3393 934 3448 liabent]
949 3395 998 3438 Luc.
1014 3395 1045 3440 12.
1061 3394 1079 3438 4.
1123 3392 1238 3436 oocada-

306 3510 356 3562 134
