2819 4040
478 302 555 340 xxxii.
568 303 598 341 De
611 302 732 341 ordinatione
746 302 832 351 episcopi

189 425 302 479 cellario
311 424 425 479 domini.
438 423 467 477 Si
475 426 580 493 aliquid
592 428 766 481 aliuddicere
779 428 906 493 uoluerit,
915 425 1023 493 respuis
1035 423 1121 488 illum,

191 513 218 564 et
235 510 316 562 dicis:
336 508 400 562 Non
419 512 461 562 est
477 509 529 563 boc
546 512 580 564 de
598 513 710 567 cellario
729 514 843 579 domini,
861 508 872 583 ii
891 514 938 564 tua
956 509 1022 563 mibi
1041 507 1120 560 dicis
1131 516 1163 554 foi.
1179 518 1211 554 161

190 592 253 660 Qui
271 592 415 659 loquitur
430 594 637 662 mendacium,
653 597 691 649 de
708 612 765 649 suo
782 597 932 663 loquitur.
957 593 1038 647 Dicat
1054 606 1122 659 ergo

191 676 242 729 tibi
260 677 411 729 secundum
428 676 521 730 deum:
546 677 588 731 Ne
606 680 710 733 furtum
728 680 824 747 iacias,
843 696 876 732 ne
894 679 1068 743 adulterium,
1087 690 1121 729 ne

147 760 382 825 arshomicidium3
405 760 478 813 dicat
495 761 546 813 tibi
565 764 713 816 secundum
733 764 823 830 deum,
843 766 873 816 ut
891 764 997 829 timeaS,
1016 763 1046 815 ut
1065 776 1121 814 non

191 844 343 911 extollaris,
364 846 395 897 ut
414 862 429 897 a
451 846 551 898 saeculi
573 864 665 901 amore
686 850 828 914 auertariS,
848 851 879 900 ut
899 864 975 915 spem
995 849 1070 899 tuam
1092 846 1120 897 in

191 929 306 981 domino
319 943 417 995 ponas,
439 928 515 981 Haec
528 929 577 982 tibi
591 931 664 984 dicat
676 931 826 984 secundum
839 931 929 985 deum.
951 930 1013 998 ipse
1026 932 1049 982 si
1063 945 1119 982 non

191 1012 267 1077 iacit,
282 1012 348 1078 quid
362 1011 397 1064 ad
411 1012 457 1065 te?
478 1011 613 1066 Dominus
628 1015 697 1066 deus
710 1017 773 1067 tuus
788 1012 916 1066 Christus
930 1017 980 1080 est,
995 1028 1119 1067 securum

191 1098 217 1148 te
239 1094 313 1149 iecit.
340 1094 480 1162 Scribae,
503 1098 598 1163 inquit,
620 1100 650 1150 et
671 1098 833 1165 pharisaei
855 1098 881 1149 in
903 1099 1021 1164 imagine
1042 1113 1119 1165 prae-

147 1181 346 1247 aaopositorum
368 1179 518 1232 sederunt
545 1182 726 1235 cathedram
749 1182 867 1248 Moysi:
897 1198 974 1248 quae
998 1183 1118 1247 dicunt,

191 1265 300 1317 tacite:
316 1280 394 1332 quae
405 1267 507 1318 autem
521 1264 651 1329 iaciunt,
666 1268 773 1319 iacere
785 1267 897 1330 nolite3
912 1267 1118 1332 dicuntenim,

190 1352 219 1402 et
231 1366 293 1402 non
304 1349 436 1403 iaciunt.
454 1348 532 1416 Quid
544 1351 579 1404 ad
590 1351 642 1405 hoc
653 1352 776 1404 dicturus
788 1351 836 1403 es?
853 1350 927 1403 unde
938 1353 964 1403 te
976 1352 1003 1403 in
1015 1351 1117 1404 iudicio

191 1433 296 1487 Christi
311 1435 509 1487 excusaturus?
529 1434 658 1488 Dicturus
673 1452 714 1488 es:
738 1435 805 1487 ideo
820 1434 874 1486 ieci
889 1435 967 1499 maie,
982 1436 1045 1501 quia
1059 1434 1117 1487 uidi

189 1518 350 1585 episcopum
367 1534 457 1571 meum
474 1534 529 1571 non
546 1520 640 1572 uiuere
656 1520 734 1572 bene.
760 1517 955 1586 Respondetur
970 1518 1032 1571 tibi:
1056 1518 1117 1571 Eie-

144 1603 255 1669 325gisti
270 1601 329 1669 tibi,
344 1618 405 1655 cum
420 1617 475 1669 quo
490 1602 638 1669 damneris,
654 1617 785 1655 noricum
800 1617 855 1669 quo
870 1602 1002 1654 libereris.
1026 1601 1117 1669 ipsum

190 1686 312 1739 imitatus
327 1702 357 1739 es
372 1687 443 1740 male
457 1688 607 1740 uiuentem:
630 1702 714 1755 quare
729 1687 820 1753 ipsum
835 1688 956 1739 imitatus
971 1702 1000 1738 es
1016 1688 1116 1754 potius,

189 1772 216 1822 et
234 1786 289 1823 non
307 1787 349 1823 me
368 1771 470 1824 audisti
488 1787 537 1838 per
555 1772 665 1839 ipsum?
690 1771 752 1838 Ego
769 1771 841 1823 enim
858 1770 909 1823 tibi
928 1771 955 1822 in
973 1771 1116 1837 euangelio

189 1869 251 1906 meo
265 1870 320 1906 non
333 1854 465 1921 dixeram,
479 1857 516 1922 ut,
531 1855 643 1922 quando
656 1855 736 1907 uides
750 1855 925 1921 praepositos
939 1854 1034 1920 maios,
1049 1869 1117 1920 quae

188 1940 283 1991 dicunt
299 1939 395 2005 iacias,
412 1955 480 2006 quae
497 1942 588 1992 autem
604 1939 710 1992 iaciunt
726 1954 782 1991 non
799 1938 905 1991 iacias?
926 1937 974 1991 Me
990 1953 1038 2005 per
1054 1939 1116 1991 illos

143 2035 179 2072 33⁰
188 2023 306 2090 audires,
321 2025 348 2076 et
362 2039 410 2090 per
424 2025 501 2090 ipsos
516 2039 571 2076 11011
586 2024 698 2090 perires.

248 2114 289 2166 10.
312 2112 341 2166 Si
362 2129 429 2180 ergo
450 2116 477 2167 et
498 2113 563 2166 mali
585 2116 704 2180 possunt
725 2114 815 2166 dicere
836 2113 918 2178 bona,
939 2114 966 2164 et
987 2128 1056 2165 nunc
1077 2129 1116 2165 rc-

187 2197 375 2264 spondeamus
395 2197 517 2263 Christo,
535 2200 562 2250 et
579 2197 712 2263 dicamus,
731 2196 855 2249 discendi
873 2211 964 2261 causa,
982 2211 1036 2248 non
1054 2212 1116 2249 con-

186 2281 327 2332 temnendi
349 2282 395 2333 aut
414 2281 585 2348 exagitandi:
613 2280 742 2347 Domine,
762 2282 786 2333 si
806 2280 871 2332 maii
891 2281 1008 2346 possunt
1027 2279 1116 2331 dicere

186 2364 261 2417 bona
279 2395 312 2401 —
330 2366 403 2416 unde
421 2365 600 2430 admonuisti,
618 2366 646 2416 et
663 2365 827 2432 praecepisti
845 2364 948 2430 dicens,
966 2362 1053 2426 Quae
1071 2363 1116 2415 di-

141 2451 270 2514 ascum,
290 2447 399 2515 facite,
418 2463 497 2515 quae
516 2451 620 2500 autem
639 2448 774 2515 iaciunt,
794 2448 901 2500 iacere
920 2448 1021 2500 nolite
1039 2479 1072 2484 -
1092 2448 1115 2499 si

185 2532 250 2584 mali
271 2549 338 2600 ergo
358 2536 477 2600 possunt
498 2534 589 2586 dicere
608 2534 690 2599 bona,
713 2533 854 2600 quomodo
888 2530 936 2584 alio
962 2531 1019 2584 ioco
1045 2529 1115 2583 dicis:

187 2617 396 2684 Hypocritae,
413 2634 474 2671 non
489 2619 628 2685 potestis
643 2619 726 2671 bona
741 2619 840 2684 loqui,
856 2633 923 2670 cum
938 2619 1010 2670 sitis
1025 2617 1116 2670 mali?

184 2701 330 2755 ‘Attendite
352 2718 409 2754 rem
430 2703 552 2769 ligatam,
575 2718 719 2769 quousque
742 2703 816 2755 iliius
839 2702 978 2755 adiutorio
999 2702 1115 2754 cernatis

186 2786 315 2840 solutam.
334 2786 435 2839 iterum
445 2803 573 2853 propono
584 2788 781 2853 quaestionem.
799 2786 929 2840 Christus
940 2787 1016 2839 dicit:
1027 2785 1115 2847 Quae

141 2870 306 2935 nedicunt,
323 2870 432 2923 tacite:
451 2885 530 2937 quae
546 2874 649 2924 autem
665 2870 800 2936 iaciunt,
817 2872 923 2923 tacere
939 2872 1049 2934 noiitc;
1069 2870 1115 2922 di·

185 2956 258 3006 cunt
277 2956 369 3020 enim,
388 2958 419 3007 et
437 2972 499 3007 non
519 2956 650 3008 iaciunt.
675 2954 754 3019 vQuid
773 2972 849 3023 ergo,
869 2956 921 3008 nisi
941 2957 1003 3022 quia
1022 2955 1115 3006 dicunt

186 3038 267 3104 bona,
279 3040 306 3091 et
316 3038 422 3091 iaciunt
432 3039 524 3092 mala?
542 3038 664 3106 ideoque
676 3054 745 3106 quae
756 3040 859 3105 dicunt,
870 3039 1002 3092 debemus
1013 3038 1115 3102 iacere3

186 3138 255 3189 quae
276 3122 390 3188 iaciunt,
410 3139 466 3174 non
487 3119 620 3175 debemus
641 3122 741 3176 iacere.
769 3122 835 3176 Alio
856 3123 928 3175 loco:
956 3121 1115 3188 Numquid

185 3206 345 3273 colligunt
362 3206 399 3258 de
417 3207 521 3272 spinis
539 3222 629 3272 uuaS,
648 3209 701 3259 aut
719 3207 756 3258 de
774 3208 905 3259 tribulis
924 3206 1025 3259 ficus?
1042 3204 1116 3258 Omn

141 3294 234 3345 annis
254 3292 349 3342 arbor
366 3306 403 3342 ex
421 3291 527 3342 fructu
546 3292 762 3356 cognoscitur.
784 3291 860 3353 Quid
879 3307 953 3357 ergo,
974 3292 1114 3356 quomodo

183 3373 456 3440 obtemperabimus?
469 3374 611 3441 quomodo
624 3374 836 3442 intellegemus?
851 3375 918 3427 Ecce
930 3389 1028 3441 uepres
1041 3377 1113 3439 sunt,

1067 3494 1112 3547 151
