2819 4040
512 307 579 346 XXVl.
593 307 624 346 De
637 309 699 348 natale
712 310 773 348 sancti
785 308 877 358 Cypriani
892 310 908 347 l.

226 434 353 487 laudetur
367 435 394 487 in
408 450 442 487 eo
456 449 556 487 nomen
571 434 684 504 domini,
699 438 727 490 in
741 452 796 504 quo
810 435 969 489 laudabitur
983 434 1075 487 anima
1089 433 1157 500 eius,

225 527 256 578 ut
276 525 409 579 audiant
429 525 522 577 mites
542 527 573 577 et
593 526 812 582 iocundentur.
835 525 916 592 Quae
936 527 1009 580 enirn
1030 524 1109 592 regio
1131 525 1158 577 in

194 628 218 665 55
225 619 305 671 terris
317 618 435 671 inueniri
446 618 548 684 potest,
559 616 606 670 ubi
619 634 673 672 non
685 620 743 673 eius
756 619 895 686 eloquium
907 618 1016 686 legitur,
1029 616 1227 689 doctrinamque
1236 635 1308 689 terrarum

226 707 362 774 laudatur,
380 708 481 761 caritas
499 709 613 774 amatur,
631 710 688 763 uita
706 710 887 777 praedicatur,
906 725 981 763 mors
999 709 1156 774 ueneratur,
1164 681 1308 769 {tlssisst‘f't'sllii

213 798 365 865 passionis
387 797 527 850 testiuitas
546 798 716 854 celebratur?
743 799 835 863 Quam
856 799 959 853 multos
980 802 1075 853 contra
1097 798 1156 851 dia·
1191 779 1279 810 “mm‘'

225 888 320 942 bolum
341 888 522 955 praeliatores
542 889 577 942 ad
597 891 751 959 exemplum
771 890 910 958 passionis
931 890 998 943 tuba
1018 890 1154 943 sermonis

224 980 283 1032 eius
307 978 441 1032 accendit!
462 977 555 1045 ,Quam
577 980 655 1033 multi
678 983 784 1049 postea,
808 996 864 1033 non
886 979 977 1032 solum
999 980 1072 1033 dicta
1094 979 1154 1032 eius

192 1082 217 1120 oo
225 1069 356 1136 legentes,
368 1084 465 1123 uerum
476 1070 558 1122 etiarn
570 1070 673 1124 famam
686 1073 825 1137 mirantes,
838 1086 854 1123 a
868 1085 923 1137 quo
935 1071 1068 1125 discendo
1081 1086 1154 1124 ama·

161 1152 164 1161 ²
202 1175 204 1177 ’
223 1162 329 1226 uerunt,
345 1159 465 1213 amando
478 1161 563 1213 secuti
577 1161 651 1215 sunt!
671 1161 751 1215 Alios
765 1158 857 1228 itaque
870 1161 998 1214 docendo
1011 1162 1153 1227 praemisit

223 1249 383 1317 imitandos,
398 1250 469 1303 alios
482 1250 613 1317 patiendo
627 1254 776 1320 praecessit
790 1252 954 1305 imitaturos.
969 1249 1076 1304 Contra
1089 1251 1153 1305 doc-

222 1341 322 1393 trinam
340 1338 446 1394 Christi
463 1340 659 1396 oblatrantium
675 1359 724 1396 ora
740 1341 881 1396 contudit:
898 1342 1021 1408 uirgines
1038 1341 1152 1395 Christo

221 1429 358 1497 pulchras,
370 1447 426 1484 non
437 1431 600 1499 corporibus
612 1436 639 1486 et
649 1433 797 1499 coloribus,
809 1432 860 1485 sed
871 1431 995 1485 moribus
1007 1432 1151 1488 red<di>·

189 1529 213 1567 6⁵
222 1521 275 1574 dit:
293 1521 345 1574 zeli
363 1524 391 1575 et
408 1521 505 1575 liuoris
523 1523 662 1590 confregit
680 1522 799 1589 aculeoS,
817 1524 845 1575 et
862 1536 969 1574 uenena
986 1524 1152 1589 conpressit:

221 1611 257 1665 de
270 1612 410 1666 dominica
424 1614 549 1666 oratione
564 1613 711 1667 salubriter
725 1613 881 1680 disputans,
896 1613 927 1664 ut
941 1611 1017 1679 quod
1031 1612 1153 1678 postula-

221 1717 281 1755 mus
293 1702 498 1771 intellegamus:
509 1706 536 1757 et
547 1703 613 1757 tecit
624 1704 710 1772 lapsis
723 1703 855 1769 libellum,
867 1702 1046 1770 pastoraliter
1055 1716 1152 1756 consu-

220 1793 279 1846 lens
297 1793 500 1861 clementerque
520 1796 690 1862 conpatiens,
711 1796 739 1846 et
756 1794 965 1846 contemnentes
986 1792 1023 1845 ad
1043 1791 1151 1845 humili-

219 1886 303 1937 tatem
324 1884 431 1938 doloris
450 1884 588 1952 deposuit,
609 1887 636 1938 et
656 1883 784 1937 dolentes
804 1883 839 1935 de
859 1881 1003 1951 profundo
1023 1882 1296 1972 despera'rnffllllfflu‘lll

188 1988 212 2026 το
219 1976 304 2028 tionis
320 1977 417 2028 erexit:
433 1976 595 2042 patientiam
611 1975 745 2040 laudauit,
762 1974 907 2042 persuasit,
925 1972 1060 2027 exhibuit:
1076 1973 1152 2025 here·
1298 1963 1301 1970 ’

219 2066 335 2118 ticorum
346 2064 454 2119 frontes
462 2066 577 2119 unitatis
587 2066 825 2118 demonstratione
835 2067 862 2117 et
873 2064 1078 2132 praedicatione
1089 2080 1152 2117 con·

218 2157 306 2209 triuit:
320 2157 401 2209 code
415 2156 583 2209 mortalitate
596 2157 739 2222 tractante,
754 2158 780 2209 et
793 2154 948 2208 inmortalis
961 2155 1035 2208 uitae
1048 2154 1151 2222 gaudia

218 2246 437 2313 commendante,
455 2247 483 2299 in
500 2247 599 2299 animis
616 2245 744 2299 fidelium
761 2246 851 2299 omnis
869 2246 1045 2298 morientium
1062 2246 1150 2298 metus

218 2339 245 2389 et
261 2338 441 2390 maerentium
456 2337 545 2390 luctus
561 2337 681 2390 erubuit:
698 2336 837 2390 idolorum
852 2337 1034 2390 uanissimum
1049 2338 1076 2389 et
1091 2351 1150 2403 per-

186 2427 433 2484 rsniciosissimum
450 2427 553 2480 cultum
570 2428 652 2480 etiam
670 2427 822 2480 litterarum
840 2426 1021 2479 saecularium
1039 2427 1150 2480 attesta-

215 2518 291 2571 tione
315 2519 445 2571 conuicit:
475 2518 511 2571 ad
534 2518 756 2585 elemosynarum
779 2518 926 2570 maximam
949 2517 1097 2570 utilitatem
1121 2519 1149 2569 et

217 2608 291 2661 lucra
302 2608 441 2675 caelestia,
452 2611 560 2662 terrena
572 2610 688 2662 auaritia
699 2609 851 2674 confutata,
863 2608 1030 2661 christianos
1042 2609 1148 2661 animos

216 2698 410 2753 inflammauit.
443 2699 479 2752 Et
507 2701 574 2767 quid
597 2701 677 2768 plura
700 2701 808 2755 dicam?
843 2701 928 2755 Multi
951 2717 1148 2770 usquequaque

216 2789 318 2843 habent
338 2806 468 2858 magnum
487 2807 588 2858 corpus
610 2792 742 2845 librorum
762 2793 830 2846 eius.
857 2791 914 2845 Sed
934 2808 986 2847 nos
1006 2793 1147 2847 uberiores

183 2882 318 2948 eugratias
338 2881 453 2934 domino
474 2899 596 2950 agamus,
618 2873 694 2950 qu'o'd
712 2883 813 2936 habere
834 2881 1002 2954 meruimus!
1023 2885 1145 2940 sanctum
1157 2898 1201 2935 raav

215 2988 315 3039 corpus
338 2973 523 3026 membrorum
544 2976 615 3027 eius:
638 2975 685 3027 ubi
708 2990 801 3042 preces
825 2978 935 3029 nostras
959 2976 1081 3042 domino,
1103 2978 1146 3028 cui

215 3062 325 3130 placuit,
338 3065 365 3115 et
376 3064 453 3115 cuius
465 3064 555 3131 gratia
568 3064 632 3117 talis
645 3065 742 3130 extitit,
756 3064 864 3119 affectu
877 3065 1034 3119 ardentiore
1047 3066 1146 3118 tunda-

215 3169 284 3220 mus,
303 3155 330 3206 et
347 3168 408 3206 eum
427 3154 454 3205 in
474 3154 588 3207 domino
608 3155 761 3223 laudemuS,
780 3171 829 3223 per
848 3172 928 3224 quem
947 3156 1088 3210 dominum
1107 3157 1146 3210 sic

215 3244 356 3297 laudatum
369 3260 429 3297 esse
441 3244 602 3310 gaudemus.
