2819 4040
464 369 494 408 De
508 371 576 419 quarta
588 370 637 409 ierla
650 370 737 409 Paschae

137 493 317 559 acceperis?
335 493 403 546 Ecce
412 495 510 562 gratia,
522 511 582 551 ecce
593 497 720 563 resurgit,
732 511 792 548 ecce
804 510 833 548 se
844 493 931 547 oculis
943 491 1068 547 ostendit

137 575 337 643 apostolorum,
350 579 395 645 qui
407 594 462 630 non
474 581 516 631 est
526 580 658 648 dignatus
671 596 700 633 se
710 579 857 633 ostendere
869 578 956 632 oculis
970 575 1067 630 ludae-

135 674 223 721 orum.
252 658 321 713 Ecce
339 661 452 727 praebet
471 678 501 714 se
519 663 671 716 uidendum
689 664 786 730 oculis,
806 663 920 731 praebet
938 660 1066 715 manibus

93 744 370 798 12⁰eontrectandum.
400 744 501 798 Parum
521 749 573 799 est:
597 748 666 815 lege,
687 749 884 801 commemorat
906 747 1065 813 scripturas.

137 827 172 880 Et
188 827 242 880 hoc
258 843 354 895 parum
371 831 424 881 est:
443 831 530 897 aperit
547 847 666 899 sensum,
681 835 713 885 ut
729 832 805 899 quod
822 831 892 899 legis
909 830 1064 897 intellegas.

194 912 219 966 3.
236 910 378 965 Persuasit
391 929 420 965 se
434 917 523 980 caput.
544 913 622 979 Quid
636 916 670 969 de
684 915 786 969 nobis?
800 915 867 983 quid
881 915 915 968 de
929 914 1064 981 corpore?

136 995 229 1062 Caput
251 994 389 1063 Christus,
410 1012 510 1064 corpus
532 998 656 1052 ecclesia:
676 999 799 1066 apostoli
820 998 953 1051 uidebant
973 1000 1063 1065 caput,
1078 1005 1212 1085 czrgrpetafdrse

135 1079 185 1132 sed
206 1079 328 1132 iuturam
349 1079 491 1133 ecclesiam
512 1098 567 1135 non
588 1083 728 1136 uidebant.
754 1081 909 1135 Attendite:
930 1082 1064 1135 uidebant
1103 1062 1194 1132 nscgecsoaro

92 1175 127 1213 125
135 1166 224 1231 caput,
239 1163 392 1231 tangebant
406 1167 495 1232 caput,
511 1166 745 1240 amplectebantur
759 1168 848 1233 caput,
863 1166 1064 1219 conuersaban·

134 1250 178 1300 tur
192 1263 253 1301 cum
267 1249 368 1316 capite:
384 1248 506 1302 futuram
521 1250 663 1303 ecclesiam
678 1267 733 1304 non
748 1249 889 1303 uidebant.
911 1248 972 1302 Nos
987 1266 1062 1317 erg0,

135 1331 274 1400 qui<d>?
308 1330 439 1395 Quodam
466 1334 550 1387 modo
572 1336 600 1387 in
627 1335 683 1387 illis
710 1333 812 1387 tabulis
840 1333 1009 1400 nuptialibus
1036 1337 1063 1387 et

135 1432 270 1484 sponsum
281 1418 308 1470 et
317 1432 449 1484 sponsam
458 1417 556 1470 debuit
566 1419 708 1471 nominare
718 1420 745 1470 et
755 1418 915 1484 exprimere.
932 1416 986 1471 Sed
1000 1419 1064 1484 quia

135 1501 189 1552 iam
208 1500 334 1554 'ostendit
352 1516 494 1567 sponsum,
514 1503 541 1553 et
559 1502 645 1564 tacuit
663 1501 698 1553 de
718 1516 830 1568 sponsa,
850 1500 981 1552 dimidiae
1001 1505 1064 1553 sunt

92 1598 126 1637 rso
134 1585 255 1651 nuptiae.
278 1583 447 1651 Impleantur
459 1587 526 1638 uota
539 1585 680 1644 caelestia:
696 1585 824 1651 apparuit
838 1600 966 1651 sponsus,
981 1600 1063 1651 appa·

134 1669 193 1720 reat
204 1670 231 1720 et
242 1684 358 1736 sponsa:
370 1668 417 1722 ille
428 1685 568 1736 praesens,
581 1669 632 1722 illa
641 1669 746 1722 futura:
759 1668 806 1720 ille
818 1669 846 1720 in
857 1669 1063 1734 resurrectione,

134 1752 182 1804 illa
198 1753 225 1804 in
241 1752 458 1819 praedicatione:
473 1751 602 1806 uideatur
617 1754 677 1818 iste,
692 1751 820 1804 credatur
835 1750 890 1804 illa.
913 1749 1064 1813 Quomodo

133 1838 211 1889 uisus
226 1839 268 1889 est
282 1837 352 1890 iste?
365 1835 479 1889 Videte
494 1837 568 1903 quia
582 1837 718 1903 spiritus
732 1851 808 1888 ossa
822 1838 852 1887 et
865 1851 989 1887 carnem
1003 1851 1064 1888 non

133 1918 239 1985 habet,
255 1920 338 1973 sicut
352 1935 398 1972 me
413 1920 533 1972 uidetis
548 1919 673 1972 habere.
689 1918 798 1971 Deinde
813 1920 920 1986 aperuit
934 1918 989 1971 illis
1004 1933 1064 1971 sen-

91 2015 125 2052 135
134 2020 203 2058 sum.
225 2003 384 2072 Oportebat
399 2003 543 2059 Christum
557 2004 624 2071 pati,
640 2006 667 2056 et
681 2017 824 2069 resurgere
839 2004 921 2055 tertio
936 2003 990 2055 die.
1014 2000 1064 2053 lam

134 2090 278 2145 dominum
293 2088 429 2155 uidemus,
445 2090 499 2141 iam
514 2088 658 2141 dominum
674 2089 811 2153 nouimus,
826 2088 973 2154 tangimus,
989 2087 1065 2140 audi-

134 2188 203 2239 mus,
222 2172 372 2226 credimus:
391 2172 458 2240 quid
478 2171 514 2224 de
532 2171 665 2225 ecclesia?
680 2170 870 2229 Praedicari
889 2171 919 2222 in
939 2172 1064 2223 nomine

134 2258 201 2310 eius
220 2257 451 2324 paenitentiam
468 2258 499 2308 et
515 2257 738 2311 remissionem
756 2257 965 2322 peccatorum.
990 2253 1064 2307 Ubi?

136 2341 314 2408 quousque?
330 2339 373 2394 Ne
387 2341 468 2394 exeat
484 2339 537 2392 huc
552 2339 587 2392 de
603 2338 707 2406 angulo
723 2338 821 2404 aliena,
838 2340 865 2391 et
881 2339 1019 2405 supponat
1035 2354 1064 2390 se
1097 2364 1154 2393 cona

91 2437 184 2493 raopro
199 2426 255 2479 tua.
277 2423 352 2478 Ubi?
367 2423 543 2491 quousque?
559 2421 617 2476 Per
629 2438 739 2485 omnes
753 2424 867 2491 gentes
882 2423 1064 2492 incipienti·
1078 2411 1170 2441 ”mmm

133 2508 190 2562 hus
215 2508 252 2562 ab
276 2507 459 2562 Ierusalem.
491 2506 560 2562 Ecce
584 2507 686 2559 audisti
711 2506 853 2559 ecclesiam
881 2505 1063 2574 designatam.

132 2592 256 2657 Quando
269 2591 420 2646 audiebant
431 2592 484 2645 ista
494 2591 634 2658 discipuli,
647 2590 788 2657 ecetesiam
800 2605 849 2657 per
861 2604 958 2642 omnes*
967 2591 1064 2659 gentes

133 2693 189 2730 non
206 2676 351 2730 uidebant:
369 2676 445 2729 aliud
461 2675 603 2741 uidebant,
621 2674 698 2727 aliud
714 2674 874 2726 credebant:
892 2675 973 2740 caput
989 2673 1064 2725 uide-

131 2761 207 2828 bant,
223 2761 259 2815 de
273 2775 389 2828 corpore
403 2759 560 2813 credebant.
584 2758 643 2812 Nos
658 2759 786 2812 uidemus
801 2773 910 2826 corpus,
926 2757 960 2810 de
975 2757 1063 2824 capite

90 2845 285 2900 naeredamus.

193 3015 202 3055 1
222 3013 277 3057 Vide
296 3014 389 3057 Praeiat.
407 3014 435 3058 ad
453 3028 473 3058 n.
490 3014 564 3058 XLlll.
583 3017 682 3058 PASCE.
700 3005 739 3058 lll.¹
752 3016 775 3058 in
792 3014 958 3069 subscriptione,
975 3027 1003 3057 ex
1020 3026 1063 3069 qua

132 3086 219 3130 titulum
233 3087 340 3141 suppleui.
370 3088 395 3129 18
416 3087 474 3141 qua]
497 3089 556 3142 quia
575 3088 601 3131 G.
630 3089 657 3130 19
678 3088 829 3131 aedificent.
863 3088 1062 3131 falsitatem...

131 3159 279 3213 ueritatem]
293 3161 390 3214 itemque
402 3160 458 3202 infra
471 3159 484 3204 l.
498 3162 526 3202 40
539 3174 572 3214 sq.
585 3161 613 3203 ci.
626 3160 699 3202 adnot.
714 3160 741 3202 ad
755 3160 819 3203 huius
834 3160 933 3215 Append.
947 3160 1016 3204 Tract.
1028 3160 1063 3201 lV..

131 3230 145 3275 l.
159 3233 193 3275 54.
222 3233 250 3274 33
266 3231 395 3286 spiritum]
412 3233 496 3275 2⁰10co
512 3233 599 3285 inserui,
615 3234 639 3274 ut
653 3232 822 3288 interpungendi
839 3233 927 3275 modum
943 3243 1064 3275 seruarem:

131 3315 194 3346 secus
207 3303 358 3349 transferenda
371 3306 417 3347 erat
429 3306 481 3358 post
492 3304 623 3347 credimus
634 3304 784 3358 interrogandi
796 3307 854 3350 nola.
883 3306 910 3347 49
923 3303 1063 3358 uestrum·?]

132 3374 181 3420 Luc.
200 3377 233 3428 24,
251 3377 284 3420 38,
320 3377 347 3418 52
364 3375 546 3430 ascenderunt]
564 3378 609 3419 erat
625 3378 721 3430 primum
735 3377 881 3420 ascendunt
896 3377 920 3419 ut
936 3375 1002 3431 paulo
1019 3377 1064 3429 ini,

131 3459 204 3504 neque
217 3460 270 3492 uero
283 3450 304 3491 in
317 3446 359 3491 boc
371 3449 453 3505 antiqui
466 3448 529 3493 codd.
544 3461 622 3504 euang.
635 3448 677 3492 sibi
690 3451 797 3492 constant.
826 3450 853 3491 54
865 3449 987 3492 uestrum.
1001 3447 1066 3492 Dese

132 3556 165 3595 ¹³*
1015 3560 1065 3615 195
