2819 4040
627 339 645 377 S.
659 340 764 388 Augustini
777 340 868 378 tractatus

300 482 395 520 seruus
415 481 498 532 quare
517 466 744 518 contristaretur?
770 465 826 519 Sed
845 468 872 519 in
890 465 971 519 tertia
989 463 1095 516 domini
1114 463 1262 529 interro-‚35

297 551 410 619 gatione
425 549 541 602 recoluit
556 563 634 601 suam
649 540 759 601 tertiam
775 551 958 617 negationem.
983 546 1133 613 lntellegis,
1148 545 1229 599 beate

299 633 387 700 Petre,
399 632 539 700 intellegis
549 632 736 686 delectionem
746 635 831 703 tuam,
842 635 965 689 recolens
976 633 1158 686 contristaris:
1179 630 1229 684 sed

297 716 388 786 gaude
410 719 475 784 post
494 718 643 770 tristitiam.
672 715 852 772 Confitentur
873 734 957 784 amor,
980 731 1059 783 quem
1080 716 1230 782 negauerat

297 802 389 856 timor.
417 801 543 869 Denique
561 802 655 855 uidete
675 801 752 854 illum
772 806 941 871 negatorem,
961 803 1037 870 prius
1057 800 1228 865 dilectorem3

298 886 384 940 immo·
399 887 475 952 prius
492 885 660 952 dilectorem,
678 887 728 938 sed
745 886 835 940 adhuc
851 888 1001 941 infirmum.
1025 883 1149 937 Dicimus
1166 884 1262 951 quialo

154 986 282 1024 melanurus.
299 969 397 1023 Petrus
414 972 527 1037 negauit
543 970 693 1036 Christum,
710 973 737 1023 et
753 986 809 1023 non
827 972 945 1025 dicimus¹
960 971 1023 1038 qnia
1039 968 1075 1022 ad
1090 968 1229 1036 passionis

147 1035 172 1066 sed
185 1035 203 1064 ad
215 1033 290 1071 passionis

153 1083 284 1120 airaimian.
298 1053 449 1120 periculum
466 1057 575 1108 secutus
592 1056 634 1107 est
651 1053 801 1108 Christum.
826 1054 961 1109 Ordinem
978 1053 1091 1108 curandi
1107 1051 1229 1105 medicus

147 1130 288 1161 ¹³⁵²⁵¹C¹¹l⁵¹¹¹¹l
297 1137 461 1190 reseruauit:
481 1140 558 1205 prius
572 1139 696 1191 ostendit
710 1137 822 1191 Petrum
838 1138 929 1206 Retro,
944 1142 971 1193 et
984 1141 1081 1207 postea
1094 1153 1124 1189 se
1137 1140 1229 1191 osten-

297 1223 339 1275 dit
359 1224 386 1275 in
406 1221 498 1277 Petro.
523 1223 549 1275 r
550 1238 677 1290 amquam
697 1225 721 1275 ei
741 1222 855 1276 diceret:
882 1222 1049 1276 Moriturum
1068 1237 1118 1289 pro
1137 1222 1229 1273 metu
1301 1266 1303 1270 Α

297 1309 497 1375 praesumsisti,
519 1308 568 1360 sed
588 1324 643 1360 non
663 1307 700 1360 de
720 1323 771 1373 me,
793 1309 857 1374 quia
877 1310 907 1361 tu
928 1307 1118 1375 praesumsisti
1137 1305 1172 1357 de
1191 1305 1261 1360 ters

299 1392 488 1460 interrogatus
515 1393 550 1445 ab
576 1391 683 1458 ancilia,
710 1392 840 1444 inuenisti
867 1394 905 1445 te:
939 1392 1054 1458 fleuisti,
1080 1392 1107 1443 et
1132 1389 1228 1442 redisti

297 1477 404 1531 adme.
956 1495 958 1498 ’

357 1564 381 1616 2.
399 1562 489 1616 Modo
506 1578 571 1630 ergo
587 1562 784 1615 commendans
801 1563 826 1614 ei
842 1562 972 1615 dominus
988 1577 1055 1614 oues
1071 1576 1135 1614 suas
1152 1574 1228 1627 prae-

297 1648 436 1700 nuntiauit
466 1649 489 1700 ei
518 1648 685 1714 passionem,
716 1661 797 1713 quam
828 1645 911 1698 hodie
941 1645 1120 1698 celebramus.
1150 1643 1229 1697 Cum

297 1747 397 1798 esses,
412 1733 508 1798 inquit,
523 1732 640 1797 iunior,
654 1730 806 1797 cingebas
819 1734 849 1783 te
864 1732 894 1782 et
907 1729 1094 1782 ambulabas
1107 1729 1160 1782 ubi
1174 1743 1261 1782 uo-so

297 1814 398 1881 lebas3
413 1831 479 1868 cum
495 1818 598 1868 autem
612 1817 767 1882 senueris,
783 1815 862 1868 alter
874 1817 905 1867 te
919 1817 1037 1881 cinget,
1052 1815 1081 1866 et
1095 1813 1229 1870 ter<e>t

297 1903 416 1966 quotu
438 1917 500 1953 non
524 1902 581 1953 uis.
613 1900 681 1953 Hoc
705 1901 808 1952 autem
831 1899 915 1952 dixit
938 1898 1144 1965 significans,
1169 1913 1227 1965 qua

296 1985 398 2037 morte
419 1984 668 2051 glorificaturus
689 1985 755 2036 erat
777 1984 877 2036 deum.
908 1982 1021 2035 Factum
1043 1983 1093 2048 est,
1115 1982 1228 2048 negauit

297 2066 404 2134 Petrus,
415 2068 498 2121 fleuit
508 2067 615 2135 Petrus,
625 2069 802 2135 negationem
812 2084 890 2120 suam
900 2067 983 2120 diluit
993 2068 1111 2120 lacrimis
1120 2066 1227 2121 P-etrus

297 2150 457 2209 Resurrexit
474 2151 612 2219 Christus,
629 2153 663 2204 de
681 2168 773 2205 amore
791 2153 976 2219 interrogatus
994 2153 1036 2203 est
1053 2150 1162 2204 Petrus:
1186 2167 1227 2204 ac·
1235 2164 1259 2202 55

295 2237 368 2303 cepit
387 2252 454 2290 oues
472 2238 679 2290 commendatas
699 2238 760 2304 sibi,
780 2254 836 2291 non
855 2253 928 2303 suas,
948 2237 997 2290 sed
1017 2235 1130 2289 Christi.
1162 2235 1227 2289 Non

296 2320 368 2372 enim
383 2321 421 2372 ait
433 2321 482 2388 illi,
497 2320 582 2374 Pasce
596 2338 662 2375 oues
675 2325 746 2388 tuas,
759 2322 817 2389 sed,
832 2322 930 2375 Pasce
943 2337 1019 2375 oues
1032 2337 1130 2374 meas:
1146 2336 1227 2388 pasce
1243 2356 1246 2360 -
1316 2339 1318 2341 ’

296 2419 365 2470 quas
377 2407 438 2472 emi,
451 2408 515 2472 quia
527 2409 554 2458 et
564 2408 591 2458 te
602 2407 714 2459 redemi.
730 2405 921 2459 Conuersatus
933 2408 975 2459 est
986 2406 1086 2458 deinde
1098 2405 1227 2459 dominus

297 2487 426 2541 Christus
443 2489 626 2556 quadraginta
641 2490 739 2542 diebus
755 2506 815 2543 cum
831 2491 973 2557 discipulis
990 2491 1058 2555 suis3
1077 2491 1171 2557 eisque
1187 2490 1226 2543 ui-

296 2573 426 2625 dentibus
448 2574 535 2626 nubes
555 2577 677 2641 suscepit
698 2591 767 2640 eum,
790 2577 817 2626 et
838 2575 962 2627 aseendit
982 2575 1009 2626 in
1030 2574 1143 2627 caelum.
1173 2574 1259 2627 De-oo

241 2677 287 2713 nrv
296 2657 434 2710 duxerunt
448 2660 641 2712 ascendentem
656 2660 743 2712 oculis
758 2662 826 2712 suis:
848 2660 978 2712 sederunt
992 2662 1089 2726 postea
1102 2655 1107 2729 Ι
1120 2660 1147 2711 in
1162 2660 1226 2711 ciui-

295 2744 361 2808 tate,
382 2745 543 2810 acceperunt
562 2745 793 2811 quinquagesimo
813 2744 858 2796 die
880 2745 1006 2811 spiritum
1026 2746 1158 2810 sanctum,
1179 2746 1227 2796 irn-

295 2827 362 2893 pleti
379 2830 454 2892 sunt3
473 2828 521 2880 illo
537 2830 677 2881 momento
691 2830 825 2894 temporis
842 2829 950 2895 linguas
965 2829 1088 2880 omnium
1102 2829 1226 2895 gentium

295 2911 459 2976 didicerunt,
475 2912 550 2977 loqui
564 2928 609 2964 eas
623 2914 781 2980 coeperunt,
797 2912 971 2980 stupentibus
985 2915 1012 2964 et
1026 2912 1226 2964 admirantibus

295 2996 334 3047 eis
350 2996 396 3062 qui
411 2995 568 3048 occiderant
582 2996 732 3050 Christum.
753 2997 832 3049 Tunc
846 2999 962 3064 negator
976 2997 1030 3063 ille,
1046 2998 1152 3050 amator
1166 2998 1225 3062 iste,
1234 3013 1257 3049 os

143 3108 194 3137 nin
203 3109 261 3145 pann
271 3110 285 3139 a
295 3079 373 3133 solus
398 3095 431 3132 ex
454 3080 590 3147 omnibus,
616 3083 679 3147 quia
710 3079 805 3148 primus
833 3082 861 3133 in
883 3081 1021 3148 omnibuS,
1045 3081 1166 3149 prosiliit
1190 3080 1225 3134 ad

175 3158 250 3186 ⁰¹¹¹¹¹³h¹¹⁵·
296 3165 423 3232 Iudaeos
451 3168 478 3217 et
503 3167 593 3233 coepit
618 3168 808 3234 euangelizare
834 3166 976 3221 Christum
1002 3164 1226 3219 interfectoribus

294 3250 412 3304 Christi:
438 3251 584 3303 seminauit
604 3253 631 3304 in
653 3254 692 3304 eis
714 3251 801 3304 fidem
824 3251 937 3318 Christi,
959 3252 986 3303 et
1006 3250 1109 3303 multos
1131 3264 1224 3302 eorum

293 3351 343 3402 pr0
358 3335 473 3389 Christo
487 3338 624 3402 persuasit
637 3338 715 3402 mori,
732 3353 747 3388 a
761 3335 860 3403 quibus
874 3351 925 3402 pro
938 3335 987 3388 illo
1000 3334 1116 3387 timebat
1128 3333 1224 3386 occidi.

352 3427 377 3480 3.
401 3426 456 3479 Ubi
477 3427 581 3478 dictum
602 3428 652 3493 est,
672 3427 720 3480 ubi
742 3427 913 3493 praedictum
934 3428 983 3492 est,
1006 3426 1082 3492 quod
1103 3425 1223 3492 apostoli
1233 3435 1257 3473 70

292 3546 326 3598 88
