2819 4040
486 325 516 365 De
528 327 617 377 tempore
629 328 731 367 barbarico

97 457 133 495 305
143 443 286 514 malosque
311 450 469 515 persecutus
492 453 545 505 est:
569 451 619 505 sed
643 452 705 506 aliis
729 453 783 506 luit
807 452 981 520 supplicium,
1011 450 1073 504 aliis

142 543 272 596 magnum
287 535 426 599 praestitit
438 534 612 590 beneficium.
634 537 706 590 Nam
721 540 748 590 et
763 537 833 591 Cain
848 538 992 590 temtatum
1007 535 1074 588 fecit

142 612 317 683 homicidam,
328 619 355 670 et
365 617 415 671 lob
426 619 599 673 uulneratum
609 620 654 674 dei
664 621 731 677 fecit
741 623 867 675 amicum:
878 624 905 675 et
915 621 1072 675 Annaniam

142 694 334 764 possessorem
347 701 413 754 fecit
425 701 524 769 furem,
537 706 564 756 et
578 703 694 763 Paulum
706 705 884 759 colafizatum
897 706 1002 759 inuenit
1015 704 1073 758 lor·

141 783 208 836 tem:
219 785 246 836 et
257 783 354 838 ludam
365 786 507 839 seductum
519 786 721 842 demonstrauit
731 790 901 856 traditorem,
912 793 939 843 et
950 789 1071 856 Petrum,

96 884 133 922 aro
142 882 222 934 quem
235 867 339 921 fecerat
350 873 577 938 praesumtorem,
590 888 753 925 conuersum
766 875 857 927 timuit
869 874 993 928 flentem.
1013 873 1071 927 Nec

117 956 119 959 ’
140 952 232 1004 tamen
255 952 323 1005 deus
345 954 449 1007 iniusto
471 954 521 1007 sed
544 955 601 1008 alto
623 956 725 1009 iudicio
748 960 775 1010 et
802 956 874 1010 ¹libel
897 959 1070 1011 innocentem

141 1034 257 1089 afratre
279 1034 353 1089 malo
374 1039 499 1104 permisit
520 1039 616 1105 occidi,
639 1055 687 1092 nec
710 1039 760 1093 lob
782 1040 885 1093 diutius
907 1057 1006 1108 passus
1028 1044 1070 1095 est

139 1120 265 1173 cruciari:
284 1135 333 1173 nec
351 1119 476 1177 Ananiae
495 1122 585 1176 locum
604 1122 721 1177 donauit
739 1123 775 1176 ad
794 1125 1000 1191 ignoscendum,
1020 1141 1070 1178 nec

141 1200 258 1256 Paulum
274 1203 398 1258 deseruit
414 1205 601 1273 colafizatum,
620 1223 700 1274 quem
710 1223 767 1274 :sua
784 1210 873 1274 gratia
890 1208 956 1261 fecit
973 1208 1069 1262 robus·

94 1304 130 1341 315
139 1287 209 1339 tum:
226 1302 277 1340 nec
293 1286 390 1341 ludam
407 1290 528 1357 suscepit
544 1291 737 1357 paenitentem,
755 1306 803 1342 nec
820 1289 930 1343 Petrum
947 1292 1070 1344 deseruit

139 1368 264 1438 flentem,
288 1387 368 1439 quem
389 1376 543 1441 respectum
565 1374 696 1427 idoneum
719 1390 799 1427 suum
821 1374 887 1427 fecit
909 1378 1067 1428 amatorem.

140 1453 228 1508 Nouit
247 1456 320 1509 enim
339 1456 394 1523 ille,
414 1458 460 1524 qui
481 1457 516 1511 ad
535 1458 587 1511 hoc
606 1460 670 1511 stat
690 1459 721 1510 in
741 1474 906 1525 synagoga
926 1459 1067 1525 deorum,

138 1541 171 1591 ut
187 1538 265 1593 deos
281 1537 476 1615 discernam!
488 1544 567 1596 nouit
583 1542 640 1596 alto
657 1542 759 1596 iudicio
776 1542 911 1609 nobisque
927 1544 1067 1610 incognito
1076 1551 1109 1589 fot·
1125 1554 1155 1590 191

139 1641 267 1693 separare
281 1642 348 1680 uasa
362 1628 417 1680 irae
432 1644 447 1681 a
460 1628 536 1680 uasis
551 1627 765 1681 misericordiae.
786 1625 863 1690 Quid
876 1628 942 1680 mihi
956 1628 1068 1682 demon-

92 1712 210 1763 austras
231 1712 349 1778 speciem
369 1714 451 1778 atque
471 1711 690 1779 magnitudinem
709 1714 794 1777 tuam,
815 1726 895 1764 ouas
916 1711 1067 1778 perlectum

138 1794 165 1847 in
181 1794 356 1862 perditione?
375 1795 501 1849 Mustum
517 1796 604 1849 sancti
620 1796 733 1863 spiritus
748 1797 859 1862 portare
873 1811 928 1848 non
944 1797 1067 1862 potuisti,

138 1894 193 1945 quo
215 1881 327 1947 accepto
345 1881 478 1933 continuo
498 1880 640 1947 crepuisti:
661 1881 737 1932 totus
759 1879 863 1932 fractus
884 1894 921 1944 es,
944 1879 979 1932 ad
1000 1880 1066 1932 nihil

136 1963 213 2016 utilis
227 1979 265 2031 es,
279 1964 332 2016 nisi
345 1963 375 2017 ut
388 1979 422 2016 ex
435 1964 599 2031 fragmentis
612 1965 669 2016 tuis*
681 1979 812 2016 sanorum
825 1978 955 2016 uasorum
970 1979 1067 2016 sonum
1083 1973 1209 2031 valedronis

137 2047 248 2113 probes.
270 2046 409 2101 Percutiat
421 2050 521 2102 testam
536 2049 652 2101 fractam
666 2064 716 2101 uas
731 2047 864 2101 solidum:
879 2048 968 2114 qualis
983 2064 1067 2100 sonus
1087 2026 1202 2103 ἶῗιῑῗῖῗᾞῖζᾏῖ

92 2147 128 2184 325
137 2132 263 2198 procedit
277 2148 310 2185 ex
324 2147 390 2185 uase
405 2132 515 2186 fracto?
536 2131 610 2196 Quia
625 2133 718 2186 omnia
733 2133 881 2200 perierunt,
896 2129 1217 2208 blaspheme-¹¹²⁵⁰2ss¹2bassfm¹¹⁰¹

136 2217 181 2268 tur
193 2215 271 2270 deus.
290 2214 391 2278 Qualis
405 2232 490 2269 sonus
504 2216 630 2283 procedit
643 2233 676 2269 ex
688 2231 757 2269 uaso
771 2215 899 2282 integro?
913 2214 1067 2268 Dominus

136 2298 237 2366 dedit,
262 2299 411 2353 dominus
434 2300 585 2353 abstulit:
610 2301 692 2352 sicut
715 2300 844 2353 domino
868 2298 1000 2366 placuit,
1024 2300 1067 2352 ita

136 2382 254 2436 factum
270 2386 329 2437 est:
344 2385 387 2437 sit
401 2400 515 2437 nomen
530 2384 651 2437 domini
666 2384 876 2437 benedictum.

196 2467 238 2520 ll.
254 2467 466 2535 Conuertimini‚
480 2468 661 2535 corrigimini:
676 2483 736 2520 cum
750 2470 859 2533 tempus
874 2468 924 2533 est,
939 2467 1066 2533 inquirite

91 2550 287 2605 aaodominum.
309 2551 432 2619 Tempus
447 2554 488 2605 est
502 2554 533 2605 ut
547 2552 720 2618 reficiamini,
735 2554 844 2618 tempus
860 2553 902 2603 est
916 2553 946 2604 ut
960 2566 1067 2616 repare-

135 2636 213 2700 mini;
224 2637 252 2688 et
261 2636 284 2688 si
293 2635 381 2703 aliqui
392 2635 473 2689 fracti
484 2635 560 2702 estis,
571 2637 789 2702 omnipotentem
800 2634 920 2702 figulum
932 2634 1066 2687 artificem

134 2716 251 2770 habetis.
268 2716 382 2772 Credite
399 2720 463 2786 quia
480 2721 579 2786 potens
594 2720 637 2771 est
653 2733 780 2785 reparare
797 2717 914 2784 perdita,
932 2718 977 2784 qui
993 2732 1064 2768 crea-

134 2803 175 2855 uit
190 2803 283 2855 omnia
298 2803 414 2870 integra.
438 2802 506 2855 Ecce
522 2804 594 2855 enim
610 2803 648 2854 ait
664 2803 734 2869 ipse:
750 2800 838 2854 Sicut
853 2801 952 2853 lutum
968 2800 1066 2866 figuli

133 2901 190 2940 uos
205 2888 284 2940 estis
299 2888 329 2939 in
344 2902 436 2940 manu
451 2903 526 2940 mea.
541 2886 672 2954 Superius
686 2886 759 2939 enim
773 2886 843 2938 hanc
857 2884 1065 2937 similitudinem
1073 2902 1128 2931 Potens
1141 2903 1164 2931 est
1175 2902 1217 2938 agl.

90 2971 236 3036 dsposuit,
250 2985 331 3038 quam
343 2971 510 3037 insequenti
522 2971 659 3037 exposuit.
676 2969 775 3036 Vade,
788 2970 885 3036 inquit,
898 2969 928 3020 in
941 2968 1065 3021 domum
1091 2949 1197 3035 ffi‘ffi

134 3053 231 3121 figuli
248 3054 428 3107 -dominus
446 3054 482 3108 ad
499 3053 663 3122 prophetam
679 3084 713 3090 -
730 3056 760 3106 et
777 3053 822 3105 ibi
839 3052 951 3106 audies
967 3052 1065 3104 uerba
1085 3046 1204 3131 “essfflssgssffiffl

134 3154 208 3193 mea.
231 3137 394 3192 *Perrexit
410 3139 448 3191 ad
464 3139 591 3191 domum
608 3137 718 3204 figuli,
735 3140 781 3190 *et
797 3153 866 3190 ecce
883 3138 951 3203 ipse
967 3135 1065 3189 iacie-

133 3222 187 3276 bat
202 3239 281 3290 opus
296 3237 386 3275 suum
401 3224 432 3275 in
448 3225 527 3276 rota.
543 3235 552 3256 *
567 3222 606 3275 Et
618 3221 737 3275 cecidit
752 3237 807 3275 uas
823 3220 907 3288 quod
924 3220 1064 3272 faciebat

132 3307 171 3360 de
183 3307 325 3360 manibus
340 3308 421 3373 eius,
433 3309 464 3360 et
476 3307 613 3359 fractum
626 3308 682 3359 est.
695 3318 704 3338 ⁸
719 3305 758 3358 Et
769 3321 892 3358 rursum
909 3300 1066 3370 accipiens

88 3390 214 3445 aloillud
227 3391 430 3445 formauit‘ex
441 3392 513 3458 ipso
525 3389 613 3444 aliud
624 3406 692 3457 uas,
708 3389 719 3416 *
734 3392 816 3443 sicut
828 3390 949 3456 placuit
960 3404 1065 3441 coram

131 3525 235 3563 sanguem
244 3526 321 3556 tractans.
357 3521 379 3557 14
1013 3507 1067 3559 209
