2819 4040
341 301 409 341 ltlllll.
423 301 453 340 De
466 300 566 340 dominico
578 300 610 338 die
623 302 736 340 octauarum
750 302 828 340 sanctae
841 298 929 338 Paschae

134 439 226 479 sonus.
253 424 335 480 Dicat
350 442 418 495 ergo
435 425 541 491 fidelis,
559 426 586 477 et
603 441 637 477 ex
653 427 773 480 tenebris
791 426 882 479 iactus
901 425 955 492 lux,
974 425 1016 491 eui
1034 423 1102 477 dicit

167 512 321 579 apostolus,
341 511 445 565 Fuistis
462 509 615 576 aliquando
631 513 768 579 tenebrae,
786 523 918 566 nun<c>
945 513 1037 564 autem
1055 509 1102 561 lux
1110 534 1151 564 saa
1164 542 1192 563 „a
1203 533 1253 562 nomi.

166 594 194 647 in
216 595 343 661 domino;
367 595 442 647 dicat
461 609 523 647 cum
545 595 608 661 ipso
630 598 770 663 apostolo:
800 596 870 650 Non
893 613 959 649 sum
981 596 1100 664 dignus
1121 581 1244 660 “‘{;,}¹,³f‘,¹{{‡f³⁵

165 680 274 732 uocari
290 678 472 747 apostoluS,
487 679 560 745 quia
574 685 759 746 persecutus
773 697 839 735 sum
854 681 1023 734 ecclesiam
1038 679 1099 733 dei.

167 761 236 816 Ecce
256 780 319 830 nox,
337 779 398 816 ecce
416 761 555 816 tenebrae.
581 761 702 827 Quando
721 765 938 834 persequebatur
956 765 1100 817 ecclesiam

132 856 156 893 35
165 846 219 913 dei,
235 846 388 900 tenebrae
404 848 495 899 erant
510 862 606 913 super
621 848 776 916 abyssum.
799 849 917 902 Vocauit
932 863 993 900 eum
1010 848 1099 901 domi·

166 945 217 983 nus
230 930 361 997 desuper:
379 928 486 996 Saule,
499 927 605 997 Saule,
619 933 693 999 quid
706 949 751 986 me
764 932 985 1000 persequeris?
1005 930 1099 984 Elisae

166 1016 230 1066 sunt
247 1014 387 1080 tenebrae,
405 1014 524 1074 surrexit
542 1015 600 1080 lux;
621 1019 712 1083 coepit
730 1017 889 1085 praedicare
908 1030 989 1082 quem
1007 1030 1099 1082 perse-

165 1097 308 1165 quebatur,
325 1099 353 1150 et
368 1097 451 1156 dixit:
475 1097 540 1151 Non
557 1115 617 1152 sum
634 1100 736 1167 dignus
753 1100 846 1153 uocari
864 1098 1017 1165 apostolus,
1035 1100 1098 1166 quia

164 1184 325 1248 persecutus
348 1196 409 1234 sum
431 1181 573 1235 ecclesiam
596 1184 649 1237 dei.
680 1184 763 1238 Unde
786 1184 837 1237 tihi
861 1198 928 1249 ergo
952 1182 1027 1249 quod
1049 1182 1098 1237 es?

132 1264 280 1318 rouraria
305 1265 357 1318 dei
382 1281 449 1319 sum
475 1267 560 1333 quod
585 1283 658 1321 sum.
693 1268 748 1321 l·lic
772 1269 815 1321 est
840 1266 901 1319 dies
926 1281 1007 1333 quem
1032 1266 1098 1320 tecit

166 1347 313 1403 Dominus

224 1453 248 1505 2.
270 1450 409 1519 Alloquor
428 1453 520 1520 itaque
540 1470 600 1520 uos,
621 1469 692 1507 unus
713 1454 783 1519 dies,
805 1451 928 1506 infantes
949 1451 1021 1503 male
1041 1452 1097 1504 nati

163 1551 197 1588 ex
216 1534 317 1602 Adam,
336 1536 407 1589 bene
427 1539 515 1590 renati
536 1539 563 1590 in
585 1537 708 1592 Christo
735 1537 836 1590 Videte
856 1536 921 1602 quia
941 1535 1001 1587 dies
1021 1536 1096 1602 estis,

163 1619 256 1673 uidete
275 1621 339 1687 quia
356 1619 423 1673 iecit
440 1635 492 1674 uos
511 1621 649 1675 dominus.
677 1621 798 1688 Fugauit
816 1637 832 1673 a
849 1619 981 1673 cordibus
998 1620 1098 1672 uestris

131 1718 155 1754 45
163 1703 292 1757 tenebras
315 1706 498 1772 peccatorum,
521 1706 666 1758 innouauit
688 1706 776 1757 uitam
799 1705 929 1756 uestram.
959 1702 1098 1756 Miscendi

163 1787 230 1840 estis
246 1786 331 1849 hodie
347 1803 461 1841 numero
477 1788 657 1856 populorum:
677 1787 773 1854 eligite
790 1802 860 1854 quos
877 1786 1030 1853 imitemini,
1051 1802 1099 1839 no-

163 1871 211 1923 lite
227 1871 308 1924 uobis
324 1872 427 1939 eligere
443 1872 577 1939 perditos,
593 1888 655 1925 cum
672 1871 773 1939 quibus
790 1871 918 1938 pereatis.
942 1869 1037 1924 Nolite
1057 1870 1251 1934 cii-mamm,

162 1971 233 2008 cere:
250 1953 354 2022 Quare,
369 1956 421 2008 iste
435 1971 492 2008 non
507 1956 603 2008 tidelis
618 1955 680 2008 est?
700 1956 727 2007 et
742 1955 901 2008 inebriatur.
923 1953 1025 2020 Quare,
1046 1955 1098 2007 iste
1106 1945 1250 2022 ⁶¹³,2‡¹J¹¹„⁶¹{'„¹³Zfi,”'

163 2054 219 2092 non
243 2038 339 2091 fidelis
361 2040 422 2092 est?
448 2041 476 2092 et
498 2039 583 2092 habet
605 2054 728 2105 uxorem,
752 2038 836 2091 habet
859 2040 886 2091 et
907 2038 1097 2092 concubinam.
1112 2002 1240 2078 quaeramini,

130 2133 155 2170 50
163 2121 265 2189 Quare,
279 2124 331 2176 iste
344 2139 400 2177 non
413 2122 509 2177 fidelis
523 2124 584 2177 est?
597 2126 624 2176 et
635 2123 751 2176 cottidie
764 2139 815 2190 pro
829 2123 911 2176 lucris
926 2122 1098 2176 mendacium

162 2208 241 2260 iurat.
268 2205 372 2274 Quare,
392 2209 444 2262 iste
464 2223 520 2261 non
539 2207 637 2260 tidelis
656 2208 718 2260 est?
743 2210 770 2260 et
789 2208 933 2275 pecuniam
953 2222 1031 2259 suam
1050 2207 1099 2260 dat

78 2300 80 2302 ’
162 2292 190 2343 in
212 2306 334 2344 usuram.
362 2290 465 2358 Quare,
487 2293 539 2345 iste
563 2307 619 2344 non
643 2290 740 2344 fidelis
764 2292 825 2346 est?
851 2292 879 2344 et
905 2290 1098 2358 pythonissam

163 2376 324 2442 interrogat.
341 2374 444 2441 Quare,
460 2376 512 2428 iste
528 2391 584 2428 non
601 2375 698 2428 tidelis
714 2375 775 2428 est?
790 2377 818 2427 et
832 2375 945 2442 quando
961 2375 1002 2427 illi
1017 2375 1099 2441 caput

162 2460 248 2526 dolet,
263 2463 414 2514 caracteres
430 2461 482 2513 sibi
499 2461 535 2514 ad
549 2461 651 2514 collum
668 2462 747 2528 ligat3
769 2464 796 2514 et
811 2462 857 2528 qui
873 2477 929 2513 non
944 2461 1005 2513 uult
1018 2461 1096 2525 mori,

129 2555 153 2592 55
168 2543 204 2596 ad
217 2542 320 2596 collum
333 2543 387 2596 sibi
401 2544 478 2611 ligat.
499 2543 528 2597 Si
542 2546 596 2598 ista
610 2545 744 2612 dixeritis
759 2546 862 2612 peritis¹
884 2543 1037 2597 Contestor
1049 2559 1097 2596 uo·

161 2627 204 2679 bis
218 2642 311 2680 coram
325 2627 379 2681 deo
393 2630 421 2680 et
434 2629 542 2695 angelis
557 2630 627 2682 eius:
649 2629 724 2696 quod
739 2630 863 2681 nostrum
879 2627 942 2694 tuit,
956 2628 1096 2680 dedimus:

168 2711 245 2779 quod
261 2713 424 2779 accepimuS,
441 2728 490 2764 nec
507 2728 558 2765 nos
576 2712 713 2778 dedimus,
731 2712 780 2764 sed
797 2727 847 2779 per
863 2727 915 2765 nos
933 2711 1029 2764 datum
1046 2713 1095 2764 est.

162 2793 281 2848 Pecunia
295 2794 435 2849 dominica
448 2798 502 2849 est:
523 2798 735 2863 praerogatores
750 2811 853 2862 sumus,
869 2811 925 2848 non
940 2796 1095 2862 largitores.

162 2876 313 2931 Dominum
329 2893 502 2931 communem
518 2879 660 2945 habemus,
676 2878 779 2931 cibaria
796 2879 940 2931 conseruis
957 2878 1094 2930 metimur:

128 2973 153 3011 ao
161 2962 196 3014 de
211 2963 273 3029 ipso
287 2962 388 3015 horreo
403 2957 414 3032 ΙΙ
432 2964 459 3015 et
473 2979 525 3016 nos
539 2964 668 3016 uiuimus.
689 2962 809 3020 <Non>
825 2963 914 3016 nostri
929 2978 1031 3029 sumus,
1047 2962 1095 3015 sed
1103 2973 1135 3011 ror.
1149 2975 1173 3012 er

161 3047 220 3099 eius
234 3048 280 3114 qui
294 3062 344 3113 pro
359 3046 440 3098 nobis
453 3048 572 3113 pretium
586 3048 749 3113 sangninem
764 3063 844 3100 suum
857 3047 994 3104 <fudir>.
1009 3045 1094 3099 Simul

160 3130 296 3197 redempti
310 3145 412 3197 sumus,
424 3145 508 3182 unum
519 3132 638 3199 pretium
652 3146 748 3183 omnes
761 3131 906 3183 habemus:
926 3131 1093 3183 trumentum

161 3216 286 3267 nostrum
297 3215 339 3267 est
349 3215 473 3266 sanctum
484 3214 668 3280 euangelium.
688 3213 800 3267 Fratres
812 3230 864 3267 nos
876 3215 942 3267 iecit
952 3215 987 3267 de
998 3215 1093 3281 seruis,

161 3299 206 3366 qui
233 3298 360 3351 redemit:
388 3297 538 3350 coheredes
564 3314 616 3350 nos
642 3299 738 3350 unicus
765 3298 839 3352 lecit.
870 3298 949 3351 Unus
975 3300 1041 3364 erat,
1068 3300 1095 3351 et

128 3390 151 3427 ⁶5
161 3382 261 3435 iratres
277 3382 378 3435 habere
392 3382 523 3449 dignatus
539 3384 591 3434 est:
614 3381 700 3434 nolite
715 3382 844 3435 obliuisci
860 3384 940 3436 istam
956 3382 1094 3449 dignatio·

1061 3500 1096 3554 69
