<?xml version="1.0" encoding="UTF-8"?>
<!DOCTYPE html PUBLIC "-//W3C//DTD XHTML 1.0 Transitional//EN"
    "http://www.w3.org/TR/xhtml1/DTD/xhtml1-transitional.dtd">
<html xmlns="http://www.w3.org/1999/xhtml" xml:lang="en" lang="en">
 <head>
  <title>
</title>
<meta http-equiv="Content-Type" content="text/html;charset=utf-8" />
  <meta name='ocr-system' content='tesseract 3.04.00' />
  <meta name='ocr-capabilities' content='ocr_page ocr_carea ocr_par ocr_line ocrx_word'/>
</head>
<body>
  <div class='ocr_page' id='page_1' title='image "MN41725ucmf_2_0138.png"; bbox 0 0 2819 4040; ppageno 0'>
   <div class='ocr_carea' id='block_1_1' title="bbox 632 394 875 448">
    <p class='ocr_par' dir='ltr' id='par_1_1' title="bbox 632 394 875 448">
     <span class='ocr_line' id='line_1_1' title="bbox 632 394 875 448; baseline 0.008 -12"><span class='ocrx_word' id='word_1_1' title='bbox 632 394 651 436; x_wconf 86' lang='lat' dir='ltr'><strong>S.</strong></span> <span class='ocrx_word' id='word_1_2' title='bbox 665 397 770 448; x_wconf 69' lang='lat' dir='ltr'><strong>Augustini</strong></span> <span class='ocrx_word' id='word_1_3' title='bbox 783 399 875 438; x_wconf 79' lang='lat' dir='ltr'><strong>tractatus</strong></span> 
     </span>
    </p>
   </div>
   <div class='ocr_carea' id='block_1_2' title="bbox 167 529 1269 855">
    <p class='ocr_par' dir='ltr' id='par_1_2' title="bbox 308 529 1235 598">
     <span class='ocr_line' id='line_1_2' title="bbox 308 529 1235 598; baseline 0.001 -16"><span class='ocrx_word' id='word_1_4' title='bbox 308 529 473 598; x_wconf 69' lang='lat' dir='ltr'><strong>quod&#39;sedet</strong></span> <span class='ocrx_word' id='word_1_5' title='bbox 483 529 518 583; x_wconf 90' lang='lat' dir='ltr'><strong>ad</strong></span> <span class='ocrx_word' id='word_1_6' title='bbox 529 530 671 584; x_wconf 88' lang='lat' dir='ltr'><strong>dexteram</strong></span> <span class='ocrx_word' id='word_1_7' title='bbox 683 532 790 598; x_wconf 87' lang='lat' dir='ltr'><strong>patris?</strong></span> <span class='ocrx_word' id='word_1_8' title='bbox 807 531 863 587; x_wconf 89' lang='lat' dir='ltr'><strong>Sed</strong></span> <span class='ocrx_word' id='word_1_9' title='bbox 873 533 924 587; x_wconf 95' lang='lat' dir='ltr'><strong>hoc</strong></span> <span class='ocrx_word' id='word_1_10' title='bbox 934 531 1022 586; x_wconf 93' lang='lat' dir='ltr'><strong>oculis</strong></span> <span class='ocrx_word' id='word_1_11' title='bbox 1033 546 1089 583; x_wconf 92' lang='lat' dir='ltr'><strong>non</strong></span> <span class='ocrx_word' id='word_1_12' title='bbox 1099 529 1235 598; x_wconf 86' lang='lat' dir='ltr'><strong>uidemus,</strong></span> 
     </span>
    </p>

    <p class='ocr_par' dir='ltr' id='par_1_3' title="bbox 304 612 1269 684">
     <span class='ocr_line' id='line_1_3' title="bbox 304 612 1269 684; baseline 0.002 -19"><span class='ocrx_word' id='word_1_13' title='bbox 304 614 367 680; x_wconf 89' lang='lat' dir='ltr'><strong>quia</strong></span> <span class='ocrx_word' id='word_1_14' title='bbox 385 628 435 666; x_wconf 89' lang='lat' dir='ltr'><strong>nec</strong></span> <span class='ocrx_word' id='word_1_15' title='bbox 451 613 619 681; x_wconf 80' lang='lat' dir='ltr'><strong>pendentem</strong></span> <span class='ocrx_word' id='word_1_16' title='bbox 637 616 665 667; x_wconf 92' lang='lat' dir='ltr'><strong>in</strong></span> <span class='ocrx_word' id='word_1_17' title='bbox 684 614 763 682; x_wconf 82' lang='lat' dir='ltr'><strong>ligno</strong></span> <span class='ocrx_word' id='word_1_18' title='bbox 780 617 911 684; x_wconf 87' lang='lat' dir='ltr'><strong>uidimus,</strong></span> <span class='ocrx_word' id='word_1_19' title='bbox 929 631 978 669; x_wconf 91' lang='lat' dir='ltr'><strong>nec</strong></span> <span class='ocrx_word' id='word_1_20' title='bbox 995 612 1185 682; x_wconf 81' lang='lat' dir='ltr'><strong>resurgentem</strong></span> <span class='ocrx_word' id='word_1_21' title='bbox 1201 613 1237 667; x_wconf 90' lang='lat' dir='ltr'><strong>de</strong></span> <span class='ocrx_word' id='word_1_22' title='bbox 1244 622 1269 661; x_wconf 83' lang='lat'><strong>50</strong></span> 
     </span>
    </p>

    <p class='ocr_par' dir='ltr' id='par_1_4' title="bbox 167 697 1236 855">
     <span class='ocr_line' id='line_1_4' title="bbox 301 697 1236 767; baseline 0.001 -17"><span class='ocrx_word' id='word_1_23' title='bbox 301 697 450 765; x_wconf 82' lang='lat' dir='ltr'><strong>sepulchro]</strong></span> <span class='ocrx_word' id='word_1_24' title='bbox 462 699 629 767; x_wconf 87' lang='lat' dir='ltr'><strong>aspeximus.</strong></span> <span class='ocrx_word' id='word_1_25' title='bbox 646 698 750 753; x_wconf 82' lang='lat' dir='ltr'><strong>¹Totum</strong></span> <span class='ocrx_word' id='word_1_26' title='bbox 762 700 815 754; x_wconf 92' lang='lat' dir='ltr'><strong>hoc</strong></span> <span class='ocrx_word' id='word_1_27' title='bbox 826 702 887 756; x_wconf 82' lang='lat' dir='ltr'><strong>fide</strong></span> <span class='ocrx_word' id='word_1_28' title='bbox 899 704 1031 767; x_wconf 89' lang='lat' dir='ltr'><strong>tenemus,</strong></span> <span class='ocrx_word' id='word_1_29' title='bbox 1043 699 1131 753; x_wconf 91' lang='lat' dir='ltr'><strong>oculis</strong></span> <span class='ocrx_word' id='word_1_30' title='bbox 1143 697 1236 752; x_wconf 90' lang='lat' dir='ltr'><strong>cordis</strong></span> 
     </span>
     <span class='ocr_line' id='line_1_5' title="bbox 167 781 1235 855; baseline 0.001 -21"><span class='ocrx_word' id='word_1_31' title='bbox 167 792 276 824; x_wconf 65' lang='lat' dir='ltr'><strong>nuruum</strong></span> <span class='ocrx_word' id='word_1_32' title='bbox 302 782 448 836; x_wconf 85' lang='lat' dir='ltr'><strong>intuemur.</strong></span> <span class='ocrx_word' id='word_1_33' title='bbox 470 781 587 836; x_wconf 87' lang='lat' dir='ltr'><strong>Laudati</strong></span> <span class='ocrx_word' id='word_1_34' title='bbox 603 798 706 850; x_wconf 94' lang='lat' dir='ltr'><strong>sumus,</strong></span> <span class='ocrx_word' id='word_1_35' title='bbox 722 785 787 851; x_wconf 89' lang='lat' dir='ltr'><strong>quia</strong></span> <span class='ocrx_word' id='word_1_36' title='bbox 802 801 859 839; x_wconf 91' lang='lat' dir='ltr'><strong>non</strong></span> <span class='ocrx_word' id='word_1_37' title='bbox 874 786 1003 855; x_wconf 90' lang='lat' dir='ltr'><strong>uidimus,</strong></span> <span class='ocrx_word' id='word_1_38' title='bbox 1018 784 1046 837; x_wconf 85' lang='lat' dir='ltr'><strong>et</strong></span> <span class='ocrx_word' id='word_1_39' title='bbox 1059 782 1235 836; x_wconf 87' lang='lat' dir='ltr'><strong>credidimus.</strong></span> 
     </span>
    </p>
   </div>
   <div class='ocr_carea' id='block_1_3' title="bbox 168 840 273 878">
    <p class='ocr_par' dir='ltr' id='par_1_5' title="bbox 168 840 273 878">
     <span class='ocr_line' id='line_1_6' title="bbox 168 840 273 878; baseline -0.029 -7"><span class='ocrx_word' id='word_1_40' title='bbox 168 849 237 878; x_wconf 81' lang='lat' dir='ltr'><strong>praesens</strong></span> <span class='ocrx_word' id='word_1_41' title='bbox 247 840 273 875; x_wconf 80' lang='lat' dir='ltr'><strong>cst,</strong></span> 
     </span>
    </p>
   </div>
   <div class='ocr_carea' id='block_1_4' title="bbox 162 865 1267 1693">
    <p class='ocr_par' dir='ltr' id='par_1_6' title="bbox 162 865 1267 1693">
     <span class='ocr_line' id='line_1_7' title="bbox 162 865 1237 935; baseline -0.001 -15"><span class='ocrx_word' id='word_1_42' title='bbox 162 898 207 927; x_wconf 74' lang='lat' dir='ltr'><strong>qun</strong></span> <span class='ocrx_word' id='word_1_43' title='bbox 218 888 282 919; x_wconf 68' lang='lat' dir='ltr'><strong>rums.</strong></span> <span class='ocrx_word' id='word_1_44' title='bbox 302 865 375 920; x_wconf 90' lang='lat' dir='ltr'><strong>Nam</strong></span> <span class='ocrx_word' id='word_1_45' title='bbox 391 865 534 921; x_wconf 79' lang='lat' dir='ltr'><strong>Christum</strong></span> <span class='ocrx_word' id='word_1_46' title='bbox 547 867 678 921; x_wconf 90' lang='lat' dir='ltr'><strong>uiderunt</strong></span> <span class='ocrx_word' id='word_1_47' title='bbox 692 869 719 920; x_wconf 90' lang='lat' dir='ltr'><strong>et</strong></span> <span class='ocrx_word' id='word_1_48' title='bbox 735 867 839 923; x_wconf 89' lang='lat' dir='ltr'><strong>ludaei.</strong></span> <span class='ocrx_word' id='word_1_49' title='bbox 861 869 927 924; x_wconf 90' lang='lat' dir='ltr'><strong>Non</strong></span> <span class='ocrx_word' id='word_1_50' title='bbox 942 870 984 923; x_wconf 91' lang='lat' dir='ltr'><strong>est</strong></span> <span class='ocrx_word' id='word_1_51' title='bbox 997 880 1128 935; x_wconf 83' lang='lat' dir='ltr'><strong>magnum</strong></span> <span class='ocrx_word' id='word_1_52' title='bbox 1140 866 1237 921; x_wconf 82' lang='lat' dir='ltr'><strong>uidere·</strong></span> 
     </span>
     <span class='ocr_line' id='line_1_8' title="bbox 302 949 1237 1020; baseline 0 -17"><span class='ocrx_word' id='word_1_53' title='bbox 302 949 446 1004; x_wconf 89' lang='lat' dir='ltr'><strong>Christum</strong></span> <span class='ocrx_word' id='word_1_54' title='bbox 466 951 554 1005; x_wconf 91' lang='lat' dir='ltr'><strong>oculis</strong></span> <span class='ocrx_word' id='word_1_55' title='bbox 568 953 667 1018; x_wconf 90' lang='lat' dir='ltr'><strong>carnis,</strong></span> <span class='ocrx_word' id='word_1_56' title='bbox 689 951 739 1006; x_wconf 89' lang='lat' dir='ltr'><strong>sed</strong></span> <span class='ocrx_word' id='word_1_57' title='bbox 761 966 885 1020; x_wconf 84' lang='lat' dir='ltr'><strong>magnum</strong></span> <span class='ocrx_word' id='word_1_58' title='bbox 910 955 953 1007; x_wconf 89' lang='lat' dir='ltr'><strong>est</strong></span> <span class='ocrx_word' id='word_1_59' title='bbox 967 952 1077 1007; x_wconf 91' lang='lat' dir='ltr'><strong>credere</strong></span> <span class='ocrx_word' id='word_1_60' title='bbox 1093 949 1237 1005; x_wconf 84' lang='lat' dir='ltr'><strong>Christum·</strong></span> 
     </span>
     <span class='ocr_line' id='line_1_9' title="bbox 300 1034 1267 1106; baseline -0.005 -17"><span class='ocrx_word' id='word_1_61' title='bbox 300 1036 389 1090; x_wconf 90' lang='lat' dir='ltr'><strong>oculis</strong></span> <span class='ocrx_word' id='word_1_62' title='bbox 411 1035 512 1091; x_wconf 91' lang='lat' dir='ltr'><strong>cordis.</strong></span> <span class='ocrx_word' id='word_1_63' title='bbox 540 1034 569 1089; x_wconf 85' lang='lat' dir='ltr'><strong>Si</strong></span> <span class='ocrx_word' id='word_1_64' title='bbox 592 1036 677 1090; x_wconf 94' lang='lat' dir='ltr'><strong>modo</strong></span> <span class='ocrx_word' id='word_1_65' title='bbox 699 1035 781 1090; x_wconf 90' lang='lat' dir='ltr'><strong>nobis</strong></span> <span class='ocrx_word' id='word_1_66' title='bbox 805 1036 935 1092; x_wconf 92' lang='lat' dir='ltr'><strong>Christus</strong></span> <span class='ocrx_word' id='word_1_67' title='bbox 956 1037 1185 1106; x_wconf 86' lang='lat' dir='ltr'><strong>praesentaretur,</strong></span> <span class='ocrx_word' id='word_1_68' title='bbox 1208 1036 1267 1088; x_wconf 86' lang='lat' dir='ltr'><strong>et55</strong></span> 
     </span>
     <span class='ocr_line' id='line_1_10' title="bbox 301 1118 1236 1191; baseline 0 -19"><span class='ocrx_word' id='word_1_69' title='bbox 301 1121 387 1173; x_wconf 89' lang='lat' dir='ltr'><strong>staret</strong></span> <span class='ocrx_word' id='word_1_70' title='bbox 408 1122 472 1172; x_wconf 89' lang='lat' dir='ltr'><strong>ante</strong></span> <span class='ocrx_word' id='word_1_71' title='bbox 491 1136 551 1188; x_wconf 66' lang='lat' dir='ltr'><strong>nos</strong></span> <span class='ocrx_word' id='word_1_72' title='bbox 573 1123 600 1174; x_wconf 91' lang='lat' dir='ltr'><strong>et</strong></span> <span class='ocrx_word' id='word_1_73' title='bbox 618 1122 730 1187; x_wconf 87' lang='lat' dir='ltr'><strong>taceret,</strong></span> <span class='ocrx_word' id='word_1_74' title='bbox 751 1120 826 1174; x_wconf 74' lang='lat' dir='ltr'><strong>un&#39;de</strong></span> <span class='ocrx_word' id='word_1_75' title='bbox 846 1123 978 1176; x_wconf 88' lang='lat' dir='ltr'><strong>sciremus</strong></span> <span class='ocrx_word' id='word_1_76' title='bbox 999 1122 1060 1191; x_wconf 91' lang='lat' dir='ltr'><strong>quis</strong></span> <span class='ocrx_word' id='word_1_77' title='bbox 1081 1119 1172 1174; x_wconf 79' lang='lat' dir='ltr'><strong>esset?</strong></span> <span class='ocrx_word' id='word_1_78' title='bbox 1200 1118 1236 1172; x_wconf 88' lang='lat' dir='ltr'><strong>Et</strong></span> 
     </span>
     <span class='ocr_line' id='line_1_11' title="bbox 300 1202 1236 1272; baseline 0.001 -17"><span class='ocrx_word' id='word_1_79' title='bbox 300 1202 403 1256; x_wconf 91' lang='lat' dir='ltr'><strong>deinde</strong></span> <span class='ocrx_word' id='word_1_80' title='bbox 416 1205 511 1258; x_wconf 89' lang='lat' dir='ltr'><strong>tacens</strong></span> <span class='ocrx_word' id='word_1_81' title='bbox 525 1204 592 1272; x_wconf 93' lang='lat' dir='ltr'><strong>quid</strong></span> <span class='ocrx_word' id='word_1_82' title='bbox 606 1203 687 1258; x_wconf 90' lang='lat' dir='ltr'><strong>nobis</strong></span> <span class='ocrx_word' id='word_1_83' title='bbox 701 1205 868 1272; x_wconf 88' lang='lat' dir='ltr'><strong>prodesset?</strong></span> <span class='ocrx_word' id='word_1_84' title='bbox 885 1205 986 1260; x_wconf 90' lang='lat' dir='ltr'><strong>Nonne</strong></span> <span class='ocrx_word' id='word_1_85' title='bbox 1000 1205 1098 1259; x_wconf 92' lang='lat' dir='ltr'><strong>melius</strong></span> <span class='ocrx_word' id='word_1_86' title='bbox 1111 1206 1139 1257; x_wconf 96' lang='lat' dir='ltr'><strong>in</strong></span> <span class='ocrx_word' id='word_1_87' title='bbox 1153 1218 1236 1258; x_wconf 90' lang='lat' dir='ltr'><strong>euan-</strong></span> 
     </span>
     <span class='ocr_line' id='line_1_12' title="bbox 299 1287 1235 1357; baseline 0 -17"><span class='ocrx_word' id='word_1_88' title='bbox 299 1287 375 1355; x_wconf 82' lang='lat' dir='ltr'><strong>gelio</strong></span> <span class='ocrx_word' id='word_1_89' title='bbox 388 1287 490 1342; x_wconf 86' lang='lat' dir='ltr'><strong>absens</strong></span> <span class='ocrx_word' id='word_1_90' title='bbox 502 1289 632 1357; x_wconf 89' lang='lat' dir='ltr'><strong>loquitur,</strong></span> <span class='ocrx_word' id='word_1_91' title='bbox 646 1304 728 1356; x_wconf 85' lang='lat' dir='ltr'><strong>quam</strong></span> <span class='ocrx_word' id='word_1_92' title='bbox 741 1305 873 1357; x_wconf 86' lang='lat' dir='ltr'><strong>praesens</strong></span> <span class='ocrx_word' id='word_1_93' title='bbox 886 1291 1008 1346; x_wconf 73' lang='lat' dir='ltr'><strong>taceret?</strong></span> <span class='ocrx_word' id='word_1_94' title='bbox 1027 1288 1064 1343; x_wconf 87' lang='lat' dir='ltr'><strong>Et</strong></span> <span class='ocrx_word' id='word_1_95' title='bbox 1074 1291 1167 1343; x_wconf 89' lang='lat' dir='ltr'><strong>tamen</strong></span> <span class='ocrx_word' id='word_1_96' title='bbox 1178 1303 1235 1340; x_wconf 93' lang='lat' dir='ltr'><strong>non</strong></span> 
     </span>
     <span class='ocr_line' id='line_1_13' title="bbox 300 1371 1234 1441; baseline -0.002 -16"><span class='ocrx_word' id='word_1_97' title='bbox 300 1374 343 1425; x_wconf 84' lang='lat' dir='ltr'><strong>est</strong></span> <span class='ocrx_word' id='word_1_98' title='bbox 357 1372 467 1440; x_wconf 86' lang='lat' dir='ltr'><strong>absens,</strong></span> <span class='ocrx_word' id='word_1_99' title='bbox 482 1373 505 1426; x_wconf 92' lang='lat' dir='ltr'><strong>si</strong></span> <span class='ocrx_word' id='word_1_100' title='bbox 519 1372 603 1426; x_wconf 91' lang='lat' dir='ltr'><strong>corde</strong></span> <span class='ocrx_word' id='word_1_101' title='bbox 617 1374 752 1427; x_wconf 88' lang='lat' dir='ltr'><strong>teneatur.</strong></span> <span class='ocrx_word' id='word_1_102' title='bbox 774 1371 866 1426; x_wconf 91' lang='lat' dir='ltr'><strong>Crede</strong></span> <span class='ocrx_word' id='word_1_103' title='bbox 881 1376 909 1427; x_wconf 90' lang='lat' dir='ltr'><strong>in</strong></span> <span class='ocrx_word' id='word_1_104' title='bbox 924 1374 1011 1441; x_wconf 92' lang='lat' dir='ltr'><strong>illum,</strong></span> <span class='ocrx_word' id='word_1_105' title='bbox 1026 1375 1053 1427; x_wconf 86' lang='lat' dir='ltr'><strong>et</strong></span> <span class='ocrx_word' id='word_1_106' title='bbox 1066 1372 1145 1427; x_wconf 90' lang='lat' dir='ltr'><strong>uides</strong></span> <span class='ocrx_word' id='word_1_107' title='bbox 1160 1385 1234 1425; x_wconf 90' lang='lat' dir='ltr'><strong>eum:</strong></span> 
     </span>
     <span class='ocr_line' id='line_1_14' title="bbox 300 1453 1266 1523; baseline -0.003 -15"><span class='ocrx_word' id='word_1_108' title='bbox 300 1470 357 1508; x_wconf 91' lang='lat' dir='ltr'><strong>non</strong></span> <span class='ocrx_word' id='word_1_109' title='bbox 365 1456 410 1509; x_wconf 87' lang='lat' dir='ltr'><strong>est</strong></span> <span class='ocrx_word' id='word_1_110' title='bbox 419 1457 483 1509; x_wconf 87' lang='lat' dir='ltr'><strong>ante</strong></span> <span class='ocrx_word' id='word_1_111' title='bbox 492 1456 589 1509; x_wconf 91' lang='lat' dir='ltr'><strong>oculos</strong></span> <span class='ocrx_word' id='word_1_112' title='bbox 598 1458 671 1522; x_wconf 67' lang='lat' dir='ltr'><strong>tuo&#39;S,</strong></span> <span class='ocrx_word' id='word_1_113' title='bbox 682 1458 709 1509; x_wconf 89' lang='lat' dir='ltr'><strong>et</strong></span> <span class='ocrx_word' id='word_1_114' title='bbox 718 1456 846 1523; x_wconf 89' lang='lat' dir='ltr'><strong>possidet</strong></span> <span class='ocrx_word' id='word_1_115' title='bbox 854 1473 903 1511; x_wconf 89' lang='lat' dir='ltr'><strong>cor</strong></span> <span class='ocrx_word' id='word_1_116' title='bbox 911 1458 997 1511; x_wconf 85' lang='lat' dir='ltr'><strong>tuum.</strong></span> <span class='ocrx_word' id='word_1_117' title='bbox 1011 1455 1086 1514; x_wconf 61' lang='lat' dir='ltr'><strong>Nam*</strong></span> <span class='ocrx_word' id='word_1_118' title='bbox 1095 1458 1119 1510; x_wconf 93' lang='lat' dir='ltr'><strong>si</strong></span> <span class='ocrx_word' id='word_1_119' title='bbox 1129 1453 1234 1510; x_wconf 88' lang='lat' dir='ltr'><strong>anobis</strong></span> <span class='ocrx_word' id='word_1_120' title='bbox 1242 1466 1266 1505; x_wconf 83' lang='lat' dir='ltr'><strong>oo</strong></span> 
     </span>
     <span class='ocr_line' id='line_1_15' title="bbox 300 1538 1234 1608; baseline 0 -16"><span class='ocrx_word' id='word_1_121' title='bbox 300 1538 401 1593; x_wconf 89' lang='lat' dir='ltr'><strong>absens</strong></span> <span class='ocrx_word' id='word_1_122' title='bbox 415 1543 497 1608; x_wconf 90' lang='lat' dir='ltr'><strong>esset,</strong></span> <span class='ocrx_word' id='word_1_123' title='bbox 511 1540 586 1608; x_wconf 92' lang='lat' dir='ltr'><strong>quod</strong></span> <span class='ocrx_word' id='word_1_124' title='bbox 599 1539 685 1594; x_wconf 93' lang='lat' dir='ltr'><strong>modo</strong></span> <span class='ocrx_word' id='word_1_125' title='bbox 699 1540 857 1594; x_wconf 91' lang='lat' dir='ltr'><strong>audiuimus</strong></span> <span class='ocrx_word' id='word_1_126' title='bbox 871 1541 1044 1595; x_wconf 86' lang='lat' dir='ltr'><strong>mendacium</strong></span> <span class='ocrx_word' id='word_1_127' title='bbox 1058 1541 1140 1607; x_wconf 87' lang='lat' dir='ltr'><strong>esset,</strong></span> <span class='ocrx_word' id='word_1_128' title='bbox 1156 1538 1234 1593; x_wconf 82' lang='lat' dir='ltr'><strong>Ecce</strong></span> 
     </span>
     <span class='ocr_line' id='line_1_16' title="bbox 299 1623 1233 1693; baseline 0.001 -17"><span class='ocrx_word' id='word_1_129' title='bbox 299 1637 360 1693; x_wconf 86' lang='lat' dir='ltr'><strong>ego</strong></span> <span class='ocrx_word' id='word_1_130' title='bbox 371 1623 538 1678; x_wconf 91' lang='lat' dir='ltr'><strong>uobiscum</strong></span> <span class='ocrx_word' id='word_1_131' title='bbox 550 1639 617 1677; x_wconf 89' lang='lat' dir='ltr'><strong>sum</strong></span> <span class='ocrx_word' id='word_1_132' title='bbox 628 1639 728 1691; x_wconf 91' lang='lat' dir='ltr'><strong>usque</strong></span> <span class='ocrx_word' id='word_1_133' title='bbox 741 1623 781 1678; x_wconf 89' lang='lat' dir='ltr'><strong>ad</strong></span> <span class='ocrx_word' id='word_1_134' title='bbox 793 1627 1098 1679; x_wconf 85' lang='lat' dir='ltr'><strong>consummationem</strong></span> <span class='ocrx_word' id='word_1_135' title='bbox 1111 1623 1233 1679; x_wconf 89' lang='lat' dir='ltr'><strong>saeculi.</strong></span> 
     </span>
    </p>
   </div>
   <div class='ocr_carea' id='block_1_5' title="bbox 292 1820 1235 3543">
    <p class='ocr_par' dir='ltr' id='par_1_7' title="bbox 292 1820 1235 3543">
     <span class='ocr_line' id='line_1_17' title="bbox 361 1820 1234 1877; baseline -0.001 -11"><span class='ocrx_word' id='word_1_136' title='bbox 361 1825 371 1866; x_wconf 89' lang='lat'>1</span> <span class='ocrx_word' id='word_1_137' title='bbox 387 1824 445 1869; x_wconf 79' lang='lat' dir='ltr'><strong>=.Vide</strong></span> <span class='ocrx_word' id='word_1_138' title='bbox 460 1824 553 1868; x_wconf 82' lang='lat' dir='ltr'><strong>Praeiat.</strong></span> <span class='ocrx_word' id='word_1_139' title='bbox 566 1823 596 1867; x_wconf 86' lang='lat' dir='ltr'><strong>ad</strong></span> <span class='ocrx_word' id='word_1_140' title='bbox 610 1838 631 1868; x_wconf 67' lang='lat' dir='ltr'><strong>n,</strong></span> <span class='ocrx_word' id='word_1_141' title='bbox 647 1824 710 1867; x_wconf 87' lang='lat' dir='ltr'>LVH.</span> <span class='ocrx_word' id='word_1_142' title='bbox 729 1826 742 1866; x_wconf 84' lang='lat'>2</span> <span class='ocrx_word' id='word_1_143' title='bbox 757 1825 926 1872; x_wconf 84' lang='lat' dir='ltr'><strong>Gioriiitcatio</strong></span> <span class='ocrx_word' id='word_1_144' title='bbox 940 1820 1046 1876; x_wconf 77' lang='lat' dir='ltr'><strong>dominil</strong></span> <span class='ocrx_word' id='word_1_145' title='bbox 1063 1824 1129 1876; x_wconf 84' lang='lat' dir='ltr'><strong>aliter,</strong></span> <span class='ocrx_word' id='word_1_146' title='bbox 1144 1825 1169 1866; x_wconf 87' lang='lat' dir='ltr'><strong>ut</strong></span> <span class='ocrx_word' id='word_1_147' title='bbox 1182 1823 1234 1877; x_wconf 88' lang='lat' dir='ltr'><strong>dixi,</strong></span> 
     </span>
     <span class='ocr_line' id='line_1_18' title="bbox 299 1896 1235 1949; baseline -0.001 -11"><span class='ocrx_word' id='word_1_148' title='bbox 299 1908 373 1939; x_wconf 89' lang='lat' dir='ltr'><strong>sermo</strong></span> <span class='ocrx_word' id='word_1_149' title='bbox 387 1898 411 1940; x_wconf 90' lang='lat' dir='ltr'><strong>in</strong></span> <span class='ocrx_word' id='word_1_150' title='bbox 426 1897 447 1939; x_wconf 83' lang='lat' dir='ltr'>G</span> <span class='ocrx_word' id='word_1_151' title='bbox 461 1897 582 1941; x_wconf 85' lang='lat' dir='ltr'><strong>exorditur:</strong></span> <span class='ocrx_word' id='word_1_152' title='bbox 599 1898 787 1942; x_wconf 79' lang='lat' dir='ltr'><strong>Ascensionem</strong></span> <span class='ocrx_word' id='word_1_153' title='bbox 802 1898 901 1941; x_wconf 91' lang='lat' dir='ltr'><strong>domini</strong></span> <span class='ocrx_word' id='word_1_154' title='bbox 916 1897 994 1940; x_wconf 89' lang='lat' dir='ltr'><strong>hodie</strong></span> <span class='ocrx_word' id='word_1_155' title='bbox 1009 1896 1179 1949; x_wconf 82' lang='lat' dir='ltr'><strong>ceiebramus,</strong></span> <span class='ocrx_word' id='word_1_156' title='bbox 1195 1908 1235 1939; x_wconf 66' lang='lat' dir='ltr'><strong>cae</strong></span> 
     </span>
     <span class='ocr_line' id='line_1_19' title="bbox 298 1967 1235 2024; baseline 0 -13"><span class='ocrx_word' id='word_1_157' title='bbox 298 1969 400 2017; x_wconf 72' lang='lat' dir='ltr'><strong>&#39;nissimi&#39;</strong></span> <span class='ocrx_word' id='word_1_158' title='bbox 421 1969 530 2017; x_wconf 72' lang='lat' dir='ltr'><strong>fratrias:</strong></span> <span class='ocrx_word' id='word_1_159' title='bbox 552 1967 697 2017; x_wconf 74' lang='lat' dir='ltr'><strong>celebratio</strong></span> <span class='ocrx_word' id='word_1_160' title='bbox 720 1971 788 2017; x_wconf 60' lang='lat' dir='ltr'><strong>eninr*</strong></span> <span class='ocrx_word' id='word_1_161' title='bbox 808 1972 900 2015; x_wconf 83' lang='lat' dir='ltr'><strong>nostra</strong></span> <span class='ocrx_word' id='word_1_162' title='bbox 922 1971 981 2012; x_wconf 88' lang='lat' dir='ltr'><strong>tunc</strong></span> <span class='ocrx_word' id='word_1_163' title='bbox 1002 1982 1064 2013; x_wconf 83' lang='lat' dir='ltr'><strong>uera</strong></span> <span class='ocrx_word' id='word_1_164' title='bbox 1086 1973 1134 2024; x_wconf 89' lang='lat' dir='ltr'><strong>est,</strong></span> <span class='ocrx_word' id='word_1_165' title='bbox 1162 1970 1185 2011; x_wconf 72' lang='lat' dir='ltr'><strong>si‘</strong></span> <span class='ocrx_word' id='word_1_166' title='bbox 1203 1968 1235 2011; x_wconf 90' lang='lat' dir='ltr'><strong>ad</strong></span> 
     </span>
     <span class='ocr_line' id='line_1_20' title="bbox 298 2040 1235 2096; baseline -0.002 -10"><span class='ocrx_word' id='word_1_167' title='bbox 298 2040 371 2086; x_wconf 80' lang='lat' dir='ltr'><strong>iilum</strong></span> <span class='ocrx_word' id='word_1_168' title='bbox 388 2042 468 2085; x_wconf 89' lang='lat' dir='ltr'><strong>corde</strong></span> <span class='ocrx_word' id='word_1_169' title='bbox 484 2042 663 2087; x_wconf 79' lang='lat' dir='ltr'><strong>ascendamus.</strong></span> <span class='ocrx_word' id='word_1_170' title='bbox 693 2041 872 2086; x_wconf 79' lang='lat' dir='ltr'><strong>Ascendamus</strong></span> <span class='ocrx_word' id='word_1_171' title='bbox 889 2042 920 2085; x_wconf 90' lang='lat' dir='ltr'><strong>ad</strong></span> <span class='ocrx_word' id='word_1_172' title='bbox 937 2051 1003 2095; x_wconf 85' lang='lat' dir='ltr'><strong>eum,</strong></span> <span class='ocrx_word' id='word_1_173' title='bbox 1020 2043 1081 2096; x_wconf 86' lang='lat' dir='ltr'><strong>quia</strong></span> <span class='ocrx_word' id='word_1_174' title='bbox 1096 2040 1235 2085; x_wconf 83' lang='lat' dir='ltr'><strong>descendit</strong></span> 
     </span>
     <span class='ocr_line' id='line_1_21' title="bbox 298 2107 1233 2168; baseline 0.002 -11"><span class='ocrx_word' id='word_1_175' title='bbox 298 2113 330 2157; x_wconf 82' lang='lat' dir='ltr'><strong>ad</strong></span> <span class='ocrx_word' id='word_1_176' title='bbox 348 2126 396 2157; x_wconf 92' lang='lat' dir='ltr'><strong>nos</strong></span> <span class='ocrx_word' id='word_1_177' title='bbox 414 2115 505 2157; x_wconf 82' lang='lat' dir='ltr'><strong>uiuere</strong></span> <span class='ocrx_word' id='word_1_178' title='bbox 522 2113 668 2167; x_wconf 86' lang='lat' dir='ltr'><strong>nobiscum,</strong></span> <span class='ocrx_word' id='word_1_179' title='bbox 687 2115 732 2157; x_wconf 86' lang='lat' dir='ltr'><strong>sed</strong></span> <span class='ocrx_word' id='word_1_180' title='bbox 750 2107 817 2164; x_wconf 83' lang='lat' dir='ltr'><strong>miori</strong></span> <span class='ocrx_word' id='word_1_181' title='bbox 832 2125 879 2168; x_wconf 83' lang='lat' dir='ltr'><strong>pro</strong></span> <span class='ocrx_word' id='word_1_182' title='bbox 896 2108 984 2167; x_wconf 74' lang='lat' dir='ltr'><strong>nubib,</strong></span> <span class='ocrx_word' id='word_1_183' title='bbox 1002 2115 1027 2157; x_wconf 85' lang='lat' dir='ltr'><strong>et</strong></span> <span class='ocrx_word' id='word_1_184' title='bbox 1045 2113 1076 2156; x_wconf 86' lang='lat' dir='ltr'><strong>ad</strong></span> <span class='ocrx_word' id='word_1_185' title='bbox 1093 2113 1141 2156; x_wconf 89' lang='lat' dir='ltr'><strong>hoc</strong></span> <span class='ocrx_word' id='word_1_186' title='bbox 1158 2112 1233 2165; x_wconf 74' lang='lat' dir='ltr'><strong>mori,</strong></span> 
     </span>
     <span class='ocr_line' id='line_1_22' title="bbox 296 2186 1235 2240; baseline 0.001 -11"><span class='ocrx_word' id='word_1_187' title='bbox 296 2187 331 2229; x_wconf 83' lang='lat' dir='ltr'><strong>he</strong></span> <span class='ocrx_word' id='word_1_188' title='bbox 353 2198 402 2232; x_wconf 87' lang='lat' dir='ltr'><strong>n-os</strong></span> <span class='ocrx_word' id='word_1_189' title='bbox 425 2187 450 2228; x_wconf 90' lang='lat' dir='ltr'><strong>in</strong></span> <span class='ocrx_word' id='word_1_190' title='bbox 474 2189 609 2230; x_wconf 83' lang='lat' dir='ltr'><strong>aeternum</strong></span> <span class='ocrx_word' id='word_1_191' title='bbox 633 2198 798 2231; x_wconf 84' lang='lat' dir='ltr'><strong>moreremur.</strong></span> <span class='ocrx_word' id='word_1_192' title='bbox 835 2186 1015 2229; x_wconf 74' lang='lat' dir='ltr'><strong>Ascendamus</strong></span> <span class='ocrx_word' id='word_1_193' title='bbox 1037 2198 1100 2240; x_wconf 84' lang='lat' dir='ltr'><strong>ergo</strong></span> <span class='ocrx_word' id='word_1_194' title='bbox 1122 2186 1154 2229; x_wconf 87' lang='lat' dir='ltr'><strong>ad</strong></span> <span class='ocrx_word' id='word_1_195' title='bbox 1177 2192 1235 2230; x_wconf 79' lang='lat' dir='ltr'><strong>euni</strong></span> 
     </span>
     <span class='ocr_line' id='line_1_23' title="bbox 297 2251 1235 2315; baseline 0.001 -15"><span class='ocrx_word' id='word_1_196' title='bbox 297 2251 401 2301; x_wconf 87' lang='lat' dir='ltr'><strong>interim</strong></span> <span class='ocrx_word' id='word_1_197' title='bbox 426 2262 525 2311; x_wconf 77' lang='lat' dir='ltr'><strong>mente,</strong></span> <span class='ocrx_word' id='word_1_198' title='bbox 551 2260 612 2314; x_wconf 87' lang='lat' dir='ltr'><strong>quia</strong></span> <span class='ocrx_word' id='word_1_199' title='bbox 637 2267 688 2302; x_wconf 87' lang='lat' dir='ltr'><strong>non</strong></span> <span class='ocrx_word' id='word_1_200' title='bbox 714 2267 855 2314; x_wconf 85' lang='lat' dir='ltr'><strong>possumus</strong></span> <span class='ocrx_word' id='word_1_201' title='bbox 880 2270 998 2315; x_wconf 85' lang='lat' dir='ltr'><strong>corpore.</strong></span> <span class='ocrx_word' id='word_1_202' title='bbox 1030 2257 1121 2302; x_wconf 81' lang='lat' dir='ltr'><strong>Scaiae</strong></span> <span class='ocrx_word' id='word_1_203' title='bbox 1146 2260 1235 2302; x_wconf 83' lang='lat' dir='ltr'><strong>autem</strong></span> 
     </span>
     <span class='ocr_line' id='line_1_24' title="bbox 297 2328 1233 2386; baseline -0.001 -13"><span class='ocrx_word' id='word_1_204' title='bbox 297 2328 405 2373; x_wconf 83' lang='lat' dir='ltr'><strong>nostrae</strong></span> <span class='ocrx_word' id='word_1_205' title='bbox 423 2329 492 2384; x_wconf 83' lang='lat' dir='ltr'><strong>sunt,</strong></span> <span class='ocrx_word' id='word_1_206' title='bbox 510 2342 562 2373; x_wconf 92' lang='lat' dir='ltr'><strong>non</strong></span> <span class='ocrx_word' id='word_1_207' title='bbox 579 2332 677 2385; x_wconf 83' lang='lat' dir='ltr'><strong>gradus</strong></span> <span class='ocrx_word' id='word_1_208' title='bbox 695 2331 789 2385; x_wconf 89' lang='lat' dir='ltr'><strong>quibus</strong></span> <span class='ocrx_word' id='word_1_209' title='bbox 806 2331 952 2385; x_wconf 84' lang='lat' dir='ltr'><strong>innitimur,</strong></span> <span class='ocrx_word' id='word_1_210' title='bbox 971 2330 1017 2373; x_wconf 81' lang='lat' dir='ltr'><strong>sed</strong></span> <span class='ocrx_word' id='word_1_211' title='bbox 1034 2340 1120 2376; x_wconf 89' lang='lat' dir='ltr'><strong>mones</strong></span> <span class='ocrx_word' id='word_1_212' title='bbox 1136 2329 1233 2386; x_wconf 77' lang='lat' dir='ltr'><strong>quibus</strong></span> 
     </span>
     <span class='ocr_line' id='line_1_25' title="bbox 297 2401 1234 2459; baseline -0.001 -15"><span class='ocrx_word' id='word_1_213' title='bbox 297 2402 461 2457; x_wconf 61' lang='lat' dir='ltr'><strong>proficimus.</strong></span> <span class='ocrx_word' id='word_1_214' title='bbox 491 2403 566 2446; x_wconf 87' lang='lat' dir='ltr'><strong>Unde</strong></span> <span class='ocrx_word' id='word_1_215' title='bbox 583 2403 647 2451; x_wconf 75' lang='lat' dir='ltr'><strong>dicii</strong></span> <span class='ocrx_word' id='word_1_216' title='bbox 664 2403 742 2448; x_wconf 84' lang='lat' dir='ltr'><strong>etiarn</strong></span> <span class='ocrx_word' id='word_1_217' title='bbox 760 2401 899 2459; x_wconf 81' lang='lat' dir='ltr'><strong>apostoius</strong></span> <span class='ocrx_word' id='word_1_218' title='bbox 917 2403 1024 2446; x_wconf 79' lang='lat' dir='ltr'><strong>Paulus:</strong></span> <span class='ocrx_word' id='word_1_219' title='bbox 1042 2402 1074 2457; x_wconf 84' lang='lat' dir='ltr'><strong>,si</strong></span> <span class='ocrx_word' id='word_1_220' title='bbox 1091 2402 1234 2446; x_wconf 79' lang='lat' dir='ltr'><strong>resurrexi-z</strong></span> 
     </span>
     <span class='ocr_line' id='line_1_26' title="bbox 298 2474 1233 2530; baseline 0.001 -14"><span class='ocrx_word' id='word_1_221' title='bbox 298 2475 349 2519; x_wconf 83' lang='lat' dir='ltr'><strong>siis</strong></span> <span class='ocrx_word' id='word_1_222' title='bbox 370 2485 428 2517; x_wconf 89' lang='lat' dir='ltr'><strong>cum</strong></span> <span class='ocrx_word' id='word_1_223' title='bbox 448 2474 562 2529; x_wconf 77' lang='lat' dir='ltr'><strong>Christe,</strong></span> <span class='ocrx_word' id='word_1_224' title='bbox 585 2488 652 2530; x_wconf 84' lang='lat' dir='ltr'><strong>quac</strong></span> <span class='ocrx_word' id='word_1_225' title='bbox 672 2484 775 2518; x_wconf 90' lang='lat' dir='ltr'><strong>sursum</strong></span> <span class='ocrx_word' id='word_1_226' title='bbox 797 2478 856 2519; x_wconf 88' lang='lat' dir='ltr'><strong>sunt</strong></span> <span class='ocrx_word' id='word_1_227' title='bbox 877 2476 973 2529; x_wconf 86' lang='lat' dir='ltr'><strong>sapite,</strong></span> <span class='ocrx_word' id='word_1_228' title='bbox 994 2486 1045 2518; x_wconf 89' lang='lat' dir='ltr'><strong>non</strong></span> <span class='ocrx_word' id='word_1_229' title='bbox 1065 2486 1134 2530; x_wconf 77' lang='lat' dir='ltr'><strong>quae</strong></span> <span class='ocrx_word' id='word_1_230' title='bbox 1154 2485 1233 2529; x_wconf 88' lang='lat' dir='ltr'><strong>super</strong></span> 
     </span>
     <span class='ocr_line' id='line_1_27' title="bbox 296 2545 1232 2600; baseline 0 -11"><span class='ocrx_word' id='word_1_231' title='bbox 296 2545 399 2592; x_wconf 77' lang='lat' dir='ltr'><strong>herram.</strong></span> <span class='ocrx_word' id='word_1_232' title='bbox 430 2548 529 2592; x_wconf 86' lang='lat' dir='ltr'><strong>Mortui</strong></span> <span class='ocrx_word' id='word_1_233' title='bbox 547 2548 615 2591; x_wconf 87' lang='lat' dir='ltr'><strong>ehinr</strong></span> <span class='ocrx_word' id='word_1_234' title='bbox 632 2548 705 2600; x_wconf 83' lang='lat' dir='ltr'><strong>estis,</strong></span> <span class='ocrx_word' id='word_1_235' title='bbox 724 2550 750 2591; x_wconf 86' lang='lat' dir='ltr'><strong>et</strong></span> <span class='ocrx_word' id='word_1_236' title='bbox 766 2548 821 2591; x_wconf 86' lang='lat' dir='ltr'><strong>uita</strong></span> <span class='ocrx_word' id='word_1_237' title='bbox 837 2551 927 2592; x_wconf 83' lang='lat' dir='ltr'><strong>uestra</strong></span> <span class='ocrx_word' id='word_1_238' title='bbox 944 2547 1100 2592; x_wconf 86' lang='lat' dir='ltr'><strong>abscondita</strong></span> <span class='ocrx_word' id='word_1_239' title='bbox 1119 2549 1159 2591; x_wconf 89' lang='lat' dir='ltr'><strong>est</strong></span> <span class='ocrx_word' id='word_1_240' title='bbox 1177 2558 1232 2590; x_wconf 89' lang='lat' dir='ltr'><strong>cunr</strong></span> 
     </span>
     <span class='ocr_line' id='line_1_28' title="bbox 298 2617 1234 2676; baseline 0.002 -15"><span class='ocrx_word' id='word_1_241' title='bbox 298 2617 405 2662; x_wconf 88' lang='lat' dir='ltr'><strong>Christo</strong></span> <span class='ocrx_word' id='word_1_242' title='bbox 424 2620 450 2663; x_wconf 88' lang='lat' dir='ltr'><strong>in</strong></span> <span class='ocrx_word' id='word_1_243' title='bbox 469 2620 529 2671; x_wconf 74' lang='lat' dir='ltr'><strong>d3e0;</strong></span> <span class='ocrx_word' id='word_1_244' title='bbox 549 2630 607 2663; x_wconf 87' lang='lat' dir='ltr'><strong>cum</strong></span> <span class='ocrx_word' id='word_1_245' title='bbox 626 2620 748 2665; x_wconf 80' lang='lat' dir='ltr'><strong>Christus</strong></span> <span class='ocrx_word' id='word_1_246' title='bbox 768 2619 921 2676; x_wconf 79' lang='lat' dir='ltr'><strong>apparuerit</strong></span> <span class='ocrx_word' id='word_1_247' title='bbox 941 2621 994 2666; x_wconf 82' lang='lat' dir='ltr'><strong>uita</strong></span> <span class='ocrx_word' id='word_1_248' title='bbox 1013 2620 1107 2673; x_wconf 81' lang='lat' dir='ltr'><strong>uestra,</strong></span> <span class='ocrx_word' id='word_1_249' title='bbox 1128 2623 1189 2663; x_wconf 85' lang='lat' dir='ltr'><strong>tunc</strong></span> <span class='ocrx_word' id='word_1_250' title='bbox 1207 2621 1234 2663; x_wconf 87' lang='lat' dir='ltr'><strong>et</strong></span> 
     </span>
     <span class='ocr_line' id='line_1_29' title="bbox 296 2690 1233 2748; baseline 0.003 -15"><span class='ocrx_word' id='word_1_251' title='bbox 296 2703 345 2733; x_wconf 89' lang='lat' dir='ltr'><strong>uos</strong></span> <span class='ocrx_word' id='word_1_252' title='bbox 363 2703 420 2734; x_wconf 87' lang='lat' dir='ltr'><strong>curn</strong></span> <span class='ocrx_word' id='word_1_253' title='bbox 438 2691 485 2735; x_wconf 86' lang='lat' dir='ltr'><strong>iilo</strong></span> <span class='ocrx_word' id='word_1_254' title='bbox 505 2692 670 2747; x_wconf 80' lang='lat' dir='ltr'><strong>apparebitis</strong></span> <span class='ocrx_word' id='word_1_255' title='bbox 688 2693 713 2734; x_wconf 92' lang='lat' dir='ltr'><strong>in</strong></span> <span class='ocrx_word' id='word_1_256' title='bbox 732 2693 833 2748; x_wconf 71' lang='lat' dir='ltr'><strong>gloria!</strong></span> <span class='ocrx_word' id='word_1_257' title='bbox 864 2692 911 2736; x_wconf 86' lang='lat' dir='ltr'><strong>iiic</strong></span> <span class='ocrx_word' id='word_1_258' title='bbox 930 2692 1020 2747; x_wconf 85' lang='lat' dir='ltr'><strong>itaque</strong></span> <span class='ocrx_word' id='word_1_259' title='bbox 1039 2692 1168 2744; x_wconf 83' lang='lat' dir='ltr'><strong>ascendit,</strong></span> <span class='ocrx_word' id='word_1_260' title='bbox 1187 2690 1233 2746; x_wconf 73' lang='lat' dir='ltr'><strong>qui</strong></span> 
     </span>
     <span class='ocr_line' id='line_1_30' title="bbox 295 2762 1233 2819; baseline 0.001 -14"><span class='ocrx_word' id='word_1_261' title='bbox 295 2762 400 2810; x_wconf 83' lang='lat' dir='ltr'><strong>terrena</strong></span> <span class='ocrx_word' id='word_1_262' title='bbox 420 2763 527 2818; x_wconf 83' lang='lat' dir='ltr'><strong>tolerat,</strong></span> <span class='ocrx_word' id='word_1_263' title='bbox 549 2766 573 2807; x_wconf 92' lang='lat' dir='ltr'><strong>et</strong></span> <span class='ocrx_word' id='word_1_264' title='bbox 593 2764 719 2810; x_wconf 88' lang='lat' dir='ltr'><strong>caelestia</strong></span> <span class='ocrx_word' id='word_1_265' title='bbox 740 2762 911 2819; x_wconf 50' lang='lat' dir='ltr'><strong>concupiscit.</strong></span> <span class='ocrx_word' id='word_1_266' title='bbox 946 2765 1038 2809; x_wconf 67' lang='lat' dir='ltr'><strong>Hostus</strong></span> <span class='ocrx_word' id='word_1_267' title='bbox 1059 2765 1128 2808; x_wconf 85' lang='lat' dir='ltr'><strong>eninr</strong></span> <span class='ocrx_word' id='word_1_268' title='bbox 1147 2763 1233 2816; x_wconf 87' lang='lat' dir='ltr'><strong>nobis,</strong></span> 
     </span>
     <span class='ocr_line' id='line_1_31' title="bbox 295 2834 1232 2889; baseline -0.003 -11"><span class='ocrx_word' id='word_1_269' title='bbox 295 2834 433 2889; x_wconf 77' lang='lat' dir='ltr'><strong>carissimi,</strong></span> <span class='ocrx_word' id='word_1_270' title='bbox 455 2835 600 2881; x_wconf 80' lang='lat' dir='ltr'><strong>hodiernus</strong></span> <span class='ocrx_word' id='word_1_271' title='bbox 622 2837 663 2880; x_wconf 89' lang='lat' dir='ltr'><strong>est</strong></span> <span class='ocrx_word' id='word_1_272' title='bbox 684 2836 783 2883; x_wconf 85' lang='lat' dir='ltr'><strong>domini</strong></span> <span class='ocrx_word' id='word_1_273' title='bbox 804 2835 972 2885; x_wconf 79' lang='lat' dir='ltr'><strong>ascensionis</strong></span> <span class='ocrx_word' id='word_1_274' title='bbox 994 2837 1057 2882; x_wconf 89' lang='lat' dir='ltr'><strong>dies.</strong></span> <span class='ocrx_word' id='word_1_275' title='bbox 1092 2836 1232 2885; x_wconf 48' lang='lat' dir='ltr'><strong>Resurrbcq</strong></span> 
     </span>
     <span class='ocr_line' id='line_1_32' title="bbox 295 2908 1232 2964; baseline 0 -13"><span class='ocrx_word' id='word_1_276' title='bbox 295 2909 396 2955; x_wconf 77' lang='lat' dir='ltr'><strong>tioniem</strong></span> <span class='ocrx_word' id='word_1_277' title='bbox 415 2908 500 2963; x_wconf 88' lang='lat' dir='ltr'><strong>ipsius</strong></span> <span class='ocrx_word' id='word_1_278' title='bbox 521 2908 620 2955; x_wconf 85' lang='lat' dir='ltr'><strong>domini</strong></span> <span class='ocrx_word' id='word_1_279' title='bbox 640 2909 739 2964; x_wconf 81' lang='lat' dir='ltr'><strong>pascha</strong></span> <span class='ocrx_word' id='word_1_280' title='bbox 759 2909 960 2962; x_wconf 87' lang='lat' dir='ltr'><strong>ceiebrauimus,</strong></span> <span class='ocrx_word' id='word_1_281' title='bbox 981 2911 1002 2952; x_wconf 87' lang='lat' dir='ltr'><strong>et</strong></span> <span class='ocrx_word' id='word_1_282' title='bbox 1020 2908 1103 2963; x_wconf 89' lang='lat' dir='ltr'><strong>reliqua</strong></span> <span class='ocrx_word' id='word_1_283' title='bbox 1122 2911 1147 2952; x_wconf 88' lang='lat' dir='ltr'><strong>ut</strong></span> <span class='ocrx_word' id='word_1_284' title='bbox 1166 2917 1232 2962; x_wconf 85' lang='lat' dir='ltr'><strong>supra</strong></span> 
     </span>
     <span class='ocr_line' id='line_1_33' title="bbox 295 2979 1231 3037; baseline 0.001 -16"><span class='ocrx_word' id='word_1_285' title='bbox 295 2980 336 3024; x_wconf 68' lang='lat' dir='ltr'><strong>ia</strong></span> <span class='ocrx_word' id='word_1_286' title='bbox 357 2992 417 3037; x_wconf 51' lang='lat' dir='ltr'><strong>sqq&amp;</strong></span> <span class='ocrx_word' id='word_1_287' title='bbox 437 2979 465 3023; x_wconf 83' lang='lat' dir='ltr'><strong>cf.</strong></span> <span class='ocrx_word' id='word_1_288' title='bbox 485 2981 553 3024; x_wconf 84' lang='lat' dir='ltr'><strong>Serm.</strong></span> <span class='ocrx_word' id='word_1_289' title='bbox 572 2982 601 3024; x_wconf 88' lang='lat' dir='ltr'><strong>de</strong></span> <span class='ocrx_word' id='word_1_290' title='bbox 621 2983 749 3025; x_wconf 84' lang='lat' dir='ltr'><strong>ascensione</strong></span> <span class='ocrx_word' id='word_1_291' title='bbox 769 2981 859 3036; x_wconf 89' lang='lat' dir='ltr'><strong>domini,</strong></span> <span class='ocrx_word' id='word_1_292' title='bbox 880 2982 933 3028; x_wconf 85' lang='lat' dir='ltr'><strong>Rev.</strong></span> <span class='ocrx_word' id='word_1_293' title='bbox 954 2980 1036 3024; x_wconf 71' lang='lat' dir='ltr'><strong>Bined.</strong></span> <span class='ocrx_word' id='word_1_294' title='bbox 1056 2981 1127 3023; x_wconf 83' lang='lat' dir='ltr'><strong>xxix</strong></span> <span class='ocrx_word' id='word_1_295' title='bbox 1149 2980 1231 3037; x_wconf 80' lang='lat'><strong>(1912),</strong></span> 
     </span>
     <span class='ocr_line' id='line_1_34' title="bbox 295 3053 1232 3110; baseline -0.001 -16"><span class='ocrx_word' id='word_1_296' title='bbox 295 3053 374 3107; x_wconf 82' lang='lat' dir='ltr'><strong>p.253.</strong></span> <span class='ocrx_word' id='word_1_297' title='bbox 407 3054 421 3094; x_wconf 92' lang='lat'><strong>2</strong></span> <span class='ocrx_word' id='word_1_298' title='bbox 436 3053 460 3095; x_wconf 86' lang='lat' dir='ltr'><strong>et</strong></span> <span class='ocrx_word' id='word_1_299' title='bbox 477 3053 669 3109; x_wconf 81' lang='lat' dir='ltr'><strong>ascendendop</strong></span> <span class='ocrx_word' id='word_1_300' title='bbox 684 3053 1075 3110; x_wconf 69' lang='lat' dir='ltr'><strong>(=Aug.Serm.eoaedithnaunn.);</strong></span> <span class='ocrx_word' id='word_1_301' title='bbox 1092 3055 1118 3097; x_wconf 78' lang='lat' dir='ltr'><strong>ei</strong></span> <span class='ocrx_word' id='word_1_302' title='bbox 1133 3053 1158 3095; x_wconf 90' lang='lat' dir='ltr'><strong>in</strong></span> <span class='ocrx_word' id='word_1_303' title='bbox 1176 3061 1232 3094; x_wconf 76' lang='lat' dir='ltr'><strong>cae-</strong></span> 
     </span>
     <span class='ocr_line' id='line_1_35' title="bbox 294 3120 1232 3184; baseline -0.001 -17"><span class='ocrx_word' id='word_1_304' title='bbox 294 3124 335 3168; x_wconf 87' lang='lat' dir='ltr'><strong>ios</strong></span> <span class='ocrx_word' id='word_1_305' title='bbox 348 3124 429 3168; x_wconf 84' lang='lat' dir='ltr'><strong>h&#39;odie</strong></span> <span class='ocrx_word' id='word_1_306' title='bbox 442 3125 611 3172; x_wconf 88' lang='lat' dir='ltr'><strong>ascendendo</strong></span> <span class='ocrx_word' id='word_1_307' title='bbox 624 3127 640 3182; x_wconf 81' lang='grc' dir='ltr'>β</span> <span class='ocrx_word' id='word_1_308' title='bbox 654 3126 756 3181; x_wconf 69' lang='lat' dir='ltr'><strong>(=Ser&#39;m.</strong></span> <span class='ocrx_word' id='word_1_309' title='bbox 765 3124 947 3184; x_wconf 72' lang='lat' dir='ltr'><strong>exitiaianisrr).</strong></span> <span class='ocrx_word' id='word_1_310' title='bbox 973 3127 987 3169; x_wconf 84' lang='grc'><strong>3</strong></span> <span class='ocrx_word' id='word_1_311' title='bbox 1000 3120 1232 3178; x_wconf 73' lang='lat' dir='ltr'><strong>resurrectionem]</strong></span> 
     </span>
     <span class='ocr_line' id='line_1_36' title="bbox 294 3192 1232 3254; baseline -0.001 -15"><span class='ocrx_word' id='word_1_312' title='bbox 294 3197 316 3239; x_wconf 85' lang='lat' dir='ltr'>G</span> <span class='ocrx_word' id='word_1_313' title='bbox 327 3213 344 3253; x_wconf 83' lang='lat' dir='ltr'><strong>p</strong></span> <span class='ocrx_word' id='word_1_314' title='bbox 354 3200 377 3241; x_wconf 85' lang='lat' dir='ltr'><strong>et</strong></span> <span class='ocrx_word' id='word_1_315' title='bbox 387 3210 424 3252; x_wconf 84' lang='lat' dir='ltr'><strong>ap.</strong></span> <span class='ocrx_word' id='word_1_316' title='bbox 436 3198 484 3241; x_wconf 80' lang='lat' dir='ltr'><strong>Mai</strong></span> <span class='ocrx_word' id='word_1_317' title='bbox 491 3197 543 3241; x_wconf 77' lang='lat' dir='ltr'><strong>tcod.</strong></span> <span class='ocrx_word' id='word_1_318' title='bbox 553 3198 585 3249; x_wconf 70' lang='lat' dir='ltr'><strong>&#39;C;</strong></span> <span class='ocrx_word' id='word_1_319' title='bbox 595 3195 800 3245; x_wconf 79' lang='lat' dir='ltr'><strong>resurrectionis</strong></span> <span class='ocrx_word' id='word_1_320' title='bbox 811 3198 880 3251; x_wconf 77' lang='lat' dir='ltr'><strong>diein</strong></span> <span class='ocrx_word' id='word_1_321' title='bbox 889 3199 910 3254; x_wconf 84' lang='grc' dir='ltr'><strong>β.</strong></span> <span class='ocrx_word' id='word_1_322' title='bbox 941 3200 955 3240; x_wconf 79' lang='lat'>4</span> <span class='ocrx_word' id='word_1_323' title='bbox 965 3196 1080 3252; x_wconf 79' lang='lat' dir='ltr'><strong>paschae</strong></span> <span class='ocrx_word' id='word_1_324' title='bbox 1089 3192 1232 3253; x_wconf 82' lang='lat' dir='ltr'><strong>dominico]¹</strong></span> 
     </span>
     <span class='ocr_line' id='line_1_37' title="bbox 293 3268 1230 3329; baseline -0.002 -16"><span class='ocrx_word' id='word_1_325' title='bbox 293 3269 336 3325; x_wconf 82' lang='grc' dir='ltr'><strong>μβ;</strong></span> <span class='ocrx_word' id='word_1_326' title='bbox 348 3270 448 3313; x_wconf 92' lang='lat' dir='ltr'><strong>domini</strong></span> <span class='ocrx_word' id='word_1_327' title='bbox 460 3268 559 3324; x_wconf 86' lang='lat' dir='ltr'><strong>pascha</strong></span> <span class='ocrx_word' id='word_1_328' title='bbox 571 3270 598 3316; x_wconf 84' lang='lat' dir='ltr'><strong>G.</strong></span> <span class='ocrx_word' id='word_1_329' title='bbox 616 3271 802 3321; x_wconf 75' lang='lat' dir='ltr'><strong>ascensionem</strong></span> <span class='ocrx_word' id='word_1_330' title='bbox 813 3271 863 3329; x_wconf 59' lang='lat'><strong>0545</strong></span> <span class='ocrx_word' id='word_1_331' title='bbox 875 3271 1041 3318; x_wconf 81' lang='lat' dir='ltr'><strong>ascensionis</strong></span> <span class='ocrx_word' id='word_1_332' title='bbox 1053 3281 1117 3312; x_wconf 87' lang='lat' dir='ltr'><strong>uero</strong></span> <span class='ocrx_word' id='word_1_333' title='bbox 1129 3269 1197 3312; x_wconf 87' lang='lat' dir='ltr'><strong>diem</strong></span> <span class='ocrx_word' id='word_1_334' title='bbox 1208 3268 1230 3323; x_wconf 81' lang='grc' dir='ltr'><strong>β.</strong></span> 
     </span>
     <span class='ocr_line' id='line_1_38' title="bbox 293 3340 1231 3398; baseline -0.001 -14"><span class='ocrx_word' id='word_1_335' title='bbox 293 3342 305 3383; x_wconf 89' lang='lat'><strong>5</strong></span> <span class='ocrx_word' id='word_1_336' title='bbox 319 3341 437 3395; x_wconf 86' lang='lat' dir='ltr'><strong>uterque]</strong></span> <span class='ocrx_word' id='word_1_337' title='bbox 452 3341 502 3384; x_wconf 92' lang='lat' dir='ltr'><strong>add.</strong></span> <span class='ocrx_word' id='word_1_338' title='bbox 517 3341 613 3386; x_wconf 84' lang='lat' dir='ltr'><strong>inluxit</strong></span> <span class='ocrx_word' id='word_1_339' title='bbox 625 3344 646 3398; x_wconf 77' lang='grc' dir='ltr'><strong>β,</strong></span> <span class='ocrx_word' id='word_1_340' title='bbox 667 3344 680 3384; x_wconf 91' lang='grc'>7</span> <span class='ocrx_word' id='word_1_341' title='bbox 694 3342 857 3397; x_wconf 80' lang='lat' dir='ltr'><strong>protegeret]</strong></span> <span class='ocrx_word' id='word_1_342' title='bbox 873 3343 915 3386; x_wconf 88' lang='lat' dir='ltr'><strong>hoc</strong></span> <span class='ocrx_word' id='word_1_343' title='bbox 928 3342 977 3385; x_wconf 88' lang='lat' dir='ltr'><strong>loco</strong></span> <span class='ocrx_word' id='word_1_344' title='bbox 990 3343 1013 3385; x_wconf 87' lang='lat' dir='ltr'><strong>in</strong></span> <span class='ocrx_word' id='word_1_345' title='bbox 1028 3340 1043 3396; x_wconf 87' lang='grc' dir='ltr'>β</span> <span class='ocrx_word' id='word_1_346' title='bbox 1057 3341 1125 3384; x_wconf 77' lang='lat' dir='ltr'><strong>multa</strong></span> <span class='ocrx_word' id='word_1_347' title='bbox 1138 3341 1189 3383; x_wconf 93' lang='lat' dir='ltr'><strong>sunt</strong></span> <span class='ocrx_word' id='word_1_348' title='bbox 1203 3353 1231 3384; x_wconf 92' lang='lat' dir='ltr'><strong>ex</strong></span> 
     </span>
     <span class='ocr_line' id='line_1_39' title="bbox 293 3409 1230 3470; baseline -0.002 -14"><span class='ocrx_word' id='word_1_349' title='bbox 293 3413 386 3459; x_wconf 85' lang='lat' dir='ltr'><strong>Maximi</strong></span> <span class='ocrx_word' id='word_1_350' title='bbox 405 3414 495 3459; x_wconf 69' lang='lat' dir='ltr'><strong>Taurin.</strong></span> <span class='ocrx_word' id='word_1_351' title='bbox 515 3413 589 3459; x_wconf 86' lang='lat' dir='ltr'><strong>hbmii.</strong></span> <span class='ocrx_word' id='word_1_352' title='bbox 610 3416 638 3458; x_wconf 79' lang='lat'><strong>60</strong></span> <span class='ocrx_word' id='word_1_353' title='bbox 655 3418 678 3459; x_wconf 84' lang='lat' dir='ltr'><strong>ei</strong></span> <span class='ocrx_word' id='word_1_354' title='bbox 696 3417 724 3461; x_wconf 77' lang='lat'><strong>57</strong></span> <span class='ocrx_word' id='word_1_355' title='bbox 742 3415 879 3470; x_wconf 83' lang='lat' dir='ltr'><strong>interpolata.</strong></span> <span class='ocrx_word' id='word_1_356' title='bbox 905 3414 1039 3458; x_wconf 83' lang='lat' dir='ltr'><strong>Habemus</strong></span> <span class='ocrx_word' id='word_1_357' title='bbox 1059 3409 1132 3470; x_wconf 80' lang='lat' dir='ltr'><strong>ergol</strong></span> <span class='ocrx_word' id='word_1_358' title='bbox 1150 3412 1183 3458; x_wconf 72' lang='lat' dir='ltr'><strong>&#39;ab</strong></span> <span class='ocrx_word' id='word_1_359' title='bbox 1195 3412 1230 3456; x_wconf 89' lang='lat' dir='ltr'><strong>his</strong></span> 
     </span>
     <span class='ocr_line' id='line_1_40' title="bbox 292 3484 1230 3543; baseline -0.002 -14"><span class='ocrx_word' id='word_1_360' title='bbox 292 3485 366 3531; x_wconf 86' lang='lat' dir='ltr'><strong>uerbis</strong></span> <span class='ocrx_word' id='word_1_361' title='bbox 384 3486 399 3541; x_wconf 71' lang='grc' dir='ltr'>β</span> <span class='ocrx_word' id='word_1_362' title='bbox 416 3500 437 3530; x_wconf 93' lang='lat' dir='ltr'><strong>n.</strong></span> <span class='ocrx_word' id='word_1_363' title='bbox 456 3488 469 3529; x_wconf 89' lang='lat'>2</span> <span class='ocrx_word' id='word_1_364' title='bbox 488 3485 516 3529; x_wconf 87' lang='lat' dir='ltr'><strong>ad</strong></span> <span class='ocrx_word' id='word_1_365' title='bbox 534 3488 618 3530; x_wconf 85' lang='lat' dir='ltr'><strong>textum</strong></span> <span class='ocrx_word' id='word_1_366' title='bbox 635 3489 757 3543; x_wconf 77' lang='lat' dir='ltr'><strong>genuinum</strong></span> <span class='ocrx_word' id='word_1_367' title='bbox 775 3488 894 3533; x_wconf 88' lang='lat' dir='ltr'><strong>reuertitur.</strong></span> <span class='ocrx_word' id='word_1_368' title='bbox 919 3488 933 3534; x_wconf 83' lang='lat'>8</span> <span class='ocrx_word' id='word_1_369' title='bbox 951 3484 1089 3538; x_wconf 80' lang='lat' dir='ltr'><strong>Christum]</strong></span> <span class='ocrx_word' id='word_1_370' title='bbox 1108 3484 1158 3528; x_wconf 79' lang='lat' dir='ltr'><strong>add.</strong></span> <span class='ocrx_word' id='word_1_371' title='bbox 1176 3494 1230 3533; x_wconf 75' lang='lat' dir='ltr'><strong>ere-1</strong></span> 
     </span>
    </p>
   </div>
   <div class='ocr_carea' id='block_1_6' title="bbox 293 3599 328 3651">
    <p class='ocr_par' dir='ltr' id='par_1_8' title="bbox 293 3599 328 3651">
     <span class='ocr_line' id='line_1_41' title="bbox 293 3599 328 3651; baseline 0.029 -1"><span class='ocrx_word' id='word_1_372' title='bbox 293 3599 328 3651; x_wconf 84' lang='lat'><strong>78</strong></span> 
     </span>
    </p>
   </div>
   <div class='ocr_carea' id='block_1_7' title="bbox 0 0 1414 4040">
    <p class='ocr_par' dir='ltr' id='par_1_9' title="bbox 0 0 1414 4040">
     <span class='ocr_line' id='line_1_42' title="bbox 0 0 1414 4040; baseline 0 4"><span class='ocrx_word' id='word_1_373' title='bbox 0 0 1414 4040; x_wconf 95' lang='lat' dir='ltr'><strong> </strong></span> 
     </span>
    </p>
   </div>
  </div>
 </body>
</html>
