2819 4040
626 470 702 544 DE
715 471 987 548 ὃᾸΒΒᾸΤΟ

350 576 982 656 OCTAVARUMSANCTAE
990 580 1264 656 DASCHAE

351 734 352 737 ¹
479 717 579 771 udistis
605 719 727 787 apostoli
752 718 827 773 Petri
852 722 967 775 domino
992 719 1180 786 interrogante
1204 733 1268 772 con·

489 802 650 870 sessionem,
679 804 755 856 cuius
784 805 934 860 audieratis
963 803 1138 872 negationem
1167 802 1267 855 ancilla

488 889 615 942 terrente.
640 887 751 941 Dictum
767 891 840 942 enim
856 894 915 945 erat
930 890 1124 959 praesumenti,
1141 886 1266 954 Negabis

487 988 541 1038 me3
557 973 717 1026 dictumest
731 972 868 1041 diligenti,
883 974 969 1028 limas
984 973 1046 1027 me?
1061 971 1100 1025 Ut
1114 971 1187 1025 enim
1201 971 1285 1024 titu·⁵

331 1055 410 1109 haret
422 1056 568 1123 apostolus
580 1056 686 1123 Petrus,
699 1059 866 1124 praesumsit
878 1059 913 1112 de
924 1059 1030 1112 uiribus
1042 1056 1125 1110 animi
1137 1056 1188 1108 sui.
1208 1053 1265 1108 lam

330 1155 398 1193 uero
411 1140 478 1193 olim
491 1141 599 1196 dixerat
611 1142 747 1210 psalmus:
767 1139 827 1202 Qui
841 1143 1000 1196 confidunt
1012 1141 1039 1194 in
1050 1139 1159 1194 uirtute
1169 1154 1236 1192 sua.
1246 1179 1267 1192 ..

332 1223 433 1278 Factus
452 1241 520 1293 ergo
537 1228 596 1280 erat
615 1226 713 1280 Petrus
731 1229 872 1294 tamquam
892 1229 947 1295 ille,
966 1228 1001 1281 de
1021 1242 1075 1295 quo
1092 1227 1218 1279 cantatur
1235 1226 1263 1278 in

330 1309 458 1376 psalmis:
481 1309 549 1377 Ego
569 1311 636 1364 dixi
657 1312 687 1363 in
709 1310 909 1366 abundantia
930 1328 1008 1379 mea,
1029 1327 1091 1364 non
1112 1307 1263 1363 mouebor

331 1394 362 1446 in
380 1396 551 1449 aeternum.
577 1395 607 1447 ln
625 1394 796 1447 abundantia
813 1410 864 1448 sua
881 1396 990 1449 dixerat
1007 1394 1130 1461 Christo,
1147 1393 1263 1446 Tecum
1273 1401 1296 1438 10

330 1493 429 1546 usque
442 1479 480 1531 ad
490 1482 621 1532 mortem
626 1496 633 1545 ;
644 1481 672 1531 in
684 1478 855 1532 abundantia
867 1495 916 1533 sua
927 1481 1043 1546 dixerat,
1055 1479 1119 1532 Non
1130 1476 1264 1531 monebor

330 1563 357 1614 in
371 1564 520 1617 aeternum.
534 1562 671 1617 Dominus
683 1566 775 1617 tamen
787 1565 928 1630 tamquam
940 1563 1063 1617 medicus
1075 1562 1184 1628 artifex,
1197 1562 1263 1629 quid

330 1647 357 1699 in
380 1647 495 1700 infirmo
516 1649 649 1714 ageretur,
672 1646 770 1699 melius
792 1650 917 1715 nouerat,
940 1662 1021 1715 quam
1043 1648 1103 1713 ipse
1124 1645 1261 1699 infirmus

330 1730 447 1784 faciunt
456 1731 508 1785 hoc
517 1733 615 1786 medici
624 1732 654 1784 in
664 1732 868 1786 ualitudinibus
878 1747 1034 1801 corporum,
1045 1732 1121 1800 quod
1131 1733 1261 1786 dominus

329 1816 423 1881 potest
439 1816 520 1868 etiam
536 1818 563 1869 in
579 1815 781 1870 ualitudinibus
797 1817 959 1870 animarum.
983 1815 1055 1870 Nam
1072 1815 1139 1884 quid
1154 1816 1205 1869 tibi
1220 1816 1293 1869 ui-15

328 1899 418 1966 detur,
437 1901 559 1967 rogote,
577 1902 608 1953 ut
626 1900 751 1967 expectet
770 1915 852 1967 aeger
870 1900 1007 1953 amedico
1026 1900 1122 1952 audire
1141 1899 1208 1967 quid
1230 1897 1261 1956 in

329 1982 379 2035 illo
398 1983 515 2050 agatur?
539 1983 602 2051 lpse
620 1985 692 2036 enim
711 1983 824 2037 dolores
844 1998 914 2050 quos
933 1985 1037 2051 patitur
1054 1985 1147 2050 potest
1165 1998 1260 2048 nosse;

327 2068 419 2119 utrum
436 2069 526 2119 autem
541 2067 689 2135 periculosi
705 2068 769 2134 sint,
785 2069 896 2135 et‘quas
912 2083 1009 2121 causas
1025 2067 1154 2133 habeant,
1169 2069 1260 2136 utrum

328 2150 393 2203 inde
408 2152 499 2218 possit
513 2154 559 2205 aut
573 2168 629 2206 non
644 2153 734 2220 possit
748 2150 875 2218 euadere,
890 2152 1013 2205 medicus
1027 2167 1127 2204 uenam
1142 2151 1260 2218 inspicit,

210 2221 291 2244 'mmm'
327 2238 353 2288 et
372 2236 440 2302 quid
458 2237 485 2288 in
503 2238 618 2303 aegroto
637 2238 735 2303 agatur
753 2238 813 2303 ipse
831 2238 946 2303 aegroto
964 2237 1111 2289 renuntiat.
1135 2233 1259 2302 Quando
1266 2242 1292 2280 20

327 2335 395 2386 ergo
409 2319 538 2373 dominus
552 2321 634 2374 beato
649 2319 733 2373 Petro
746 2320 808 2373 Ter
821 2336 867 2372 mc
882 2320 1015 2387 negabis
1029 2319 1146 2385 dicebat,
1160 2335 1259 2372 uenam

325 2403 419 2456 cordis
435 2404 493 2456 eius
507 2404 646 2471 tangebat.
670 2403 739 2457 Ecce
754 2404 858 2457 iactum
874 2404 1006 2472 estquod
1021 2403 1158 2471 praedixit
1172 2402 1257 2456 medi-

325 2502 381 2554 cus,
398 2489 425 2540 et
440 2487 542 2541 falsum
558 2490 701 2541 inuentum
716 2490 759 2541 est
774 2487 851 2555 quod
866 2489 1032 2555 praesumsit
1047 2489 1185 2555 aegrotus
1215 2484 1257 2540 lbi

325 2573 398 2623 enim
411 2573 439 2624 in
451 2571 549 2625 eodem
562 2573 671 2640 psalmo
684 2573 808 2639 sequitur
820 2573 936 2639 spiritus
947 2574 1066 2626 sanctus.
1087 2570 1175 2625 Dixit:
1190 2571 1257 2638 Ego

324 2654 392 2707 dixi
413 2656 444 2707 in
462 2655 660 2709 abundantia
678 2668 757 2722 mea,
777 2671 840 2708 non
860 2655 1012 2709 monebor
1031 2656 1061 2707 in
1081 2656 1288 2721 aeternum,25

325 2739 405 2805 quasi
422 2754 599 2806 praesumens
616 2740 651 2792 de
667 2739 773 2792 uiribus
791 2739 875 2791 animi
893 2741 943 2793 sui.
968 2737 1111 2792 Continuo
1128 2737 1255 2790 subiecit:

325 2820 473 2889 Domine,
488 2823 518 2874 in
531 2823 699 2876 uoluntate
711 2825 765 2876 tua
778 2824 974 2890 praestitisti
991 2823 1100 2876 decori
1114 2837 1182 2875 meo
1196 2824 1256 2876 uir·

323 2908 431 2960 tutem.
454 2905 612 2960 'Auertisti
629 2907 744 2960 faciem
760 2909 857 2973 tuam,
875 2909 904 2960 et
921 2907 1027 2960 iactus
1044 2922 1111 2959 sum
1127 2908 1255 2961 contur-

321 2990 426 3044 batus.
454 2988 533 3057 ,Quid
553 2991 643 3045 dixit?
664 2988 751 3057 Quod
772 2989 917 3057 habebam,
940 2991 990 3043 abs
1012 2992 1039 3043 te
1061 2989 1206 3056 habebam,
1228 2992 1255 3042 et

243 3091 277 3129 for.
290 3091 337 3130 aaa
357 3091 401 3127 me
420 3090 482 3129 esse
500 3075 653 3129 credebam.
679 3074 814 3129 Auertisti
835 3074 933 3129 faciem
952 3078 1035 3138 tuam,
1045 3070 1056 3145 ΙΙ
1071 3074 1160 3128 tulisti
1179 3074 1254 3142 quod
1262 3085 1287 3123 ao

321 3160 452 3225 dederas;
473 3161 500 3211 et
515 3158 606 3213 tactus
622 3175 683 3212 sum
699 3159 888 3213 conturbatus,
913 3159 1009 3213 Inueni
1026 3160 1073 3227 qui
1090 3174 1172 3224 eram,
1190 3158 1254 3225 quia

319 3247 350 3297 tu
370 3258 533 3297 recesseras.
560 3242 696 3297 Dominus
717 3259 784 3310 ergo
806 3242 926 3311 Petrum,
947 3246 978 3297 nt
998 3242 1147 3296 salubriter
1165 3242 1252 3294 humi·

320 3328 373 3381 lem
394 3328 507 3393 iaceret,
527 3327 562 3380 ad
582 3329 690 3395 tempus
710 3328 844 3380 descruit:
870 3329 961 3380 tamen
982 3326 1097 3395 quando*
1115 3325 1193 3378 illum
1212 3341 1252 3379 re·

320 3413 419 3481 spexit,
441 3414 506 3465 tunc
527 3411 616 3465 fleuit.
646 3410 689 3464 Sic
712 3412 784 3464 enim
807 3410 897 3464 habes.
916 3412 943 3464 in
967 3409 1125 3477 euangelio:
1154 3411 1251 3477 postea

318 3532 353 3585 04
