2819 4040
648 322 667 361 S.
681 322 786 372 Augustini
799 324 891 363 tractatus

348 447 427 489 lectam
441 446 525 490 Missal.
538 446 601 492 Rom.
617 446 733 490 Dominica
747 448 767 490 2.

348 521 400 574 post
420 518 515 563 Pascha:
533 518 603 574 ,Deus
623 519 660 573 qui
679 519 701 561 in
720 519 767 562 Filii

347 592 380 635 tui
397 591 518 635 hnmilitate
535 593 642 635 iacentem
660 591 766 635 mundum

348 664 493 719 erexisti..‘);
508 664 556 719 quis
571 663 638 707 homo
654 663 767 718 superbire

349 735 435 790 audeat,
447 735 540 779 docente
551 734 767 779 humilitatemDeo?

347 809 369 862 3,
384 809 423 860 00;
438 807 531 851 conlinit
546 819 602 862 aqua
617 806 645 850 ad
659 806 767 850 humilita-

347 882 392 923 tem
411 880 524 934 conuallis,
542 879 632 924 denatat
649 879 677 922 de
695 881 767 923 tumo-

347 951 407 994 ribus
415 951 475 994 collis
482 952 516 1007 29,
524 952 550 993 70
556 964 562 1002 ;
573 950 701 994 humilitatis
711 950 768 994 ordo

347 1024 444 1077 30,107;
473 1023 496 1066 in
524 1035 593 1079 puero
623 1022 767 1066 humilitatem

347 1096 511 1140 commendauit
523 1095 623 1139 Christus
635 1096 669 1151 32,
680 1096 714 1139 20.

318 1314 391 1369 Iacob,
406 1314 560 1370 supplantator
574 1314 607 1368 10,
621 1315 661 1366 48;
675 1314 698 1356 in
712 1313 766 1359 mul-

346 1387 375 1430 tis
392 1386 490 1442 claudus,
505 1387 528 1431 in
544 1387 621 1442 paucis
636 1386 766 1430 benedictus

347 1460 380 1513 ro,
394 1460 428 1503 92.

316 1532 460 1587 imperatores
467 1531 576 1576 christiani
584 1531 670 1587 legibus
683 1531 766 1575 munie-

345 1605 397 1647 runt
411 1604 525 1648 ecclesiam
540 1605 604 1658 25,8;
621 1603 676 1647 tales
691 1602 768 1646 uiden-

347 1678 388 1732 tur,
400 1679 427 1721 nt
439 1689 484 1720 non
498 1677 593 1721 audeant
606 1677 677 1720 iacere
690 1677 765 1719 contra

347 1751 439 1794 matrem
454 1762 516 1794 snam
531 1751 565 1805 25,
580 1751 617 1802 10;
631 1750 685 1805 ipsis
697 1750 766 1805 impe·

347 1823 457 1866 ratoribus
471 1835 516 1866 non
530 1821 623 1866 tacenda
635 1823 717 1866 ueritas
732 1824 765 1877 28,

348 1896 395 1938 243.

316 1967 413 2010 infantes
436 1969 543 2010 uocantur
562 1979 639 2010 recens
661 1965 765 2021 baptizati

347 2041 367 2093 7,
378 2042 403 2092 23
415 2041 447 2092 18,
457 2041 496 2091 42;
507 2039 535 2083 ct.
547 2039 641 2082 Praelat.
652 2038 734 2091 XVlll;
745 2040 767 2081 et

347 2112 478 2155 Innocentes
492 2113 598 2166 martyres
611 2110 631 2153 Α
645 2111 693 2165 2,1.

317 2186 455 2239 Innocentes,
469 2186 529 2239 prius
542 2185 647 2239 martyres
660 2195 726 2238 quarn
740 2182 765 2226 ll·

346 2257 408 2300 deles
424 2257 444 2299 Α
459 2259 478 2312 2,
493 2257 527 2300 42.

316 2330 442 2373 innocentia
463 2342 551 2385 semper
569 2342 609 2384 pro
630 2329 722 2372 iteritate
743 2328 764 2371 in

346 2401 434 2445 saeculo
449 2401 557 2444 laborauit
571 2399 590 2443 Α
604 2402 623 2456 2,
633 2401 667 2445 47.
677 2401 710 2443 07.

316 2474 439 2518 intellectus
453 2487 536 2517 merces
551 2475 584 2516 est
597 2473 661 2516 fidei:
675 2485 720 2516 non
733 2473 765 2515 in·

345 2547 432 2602 tellegis
451 2549 476 2590 ut
493 2546 576 2601 credas,
595 2546 634 2589 sed
653 2545 723 2589 credis
739 2547 764 2588 ut

345 2619 461 2673 intellegas
481 2619 514 2674 11,
524 2620 563 2670 73;
587 2631 632 2662 non
650 2619 715 2675 potes
734 2619 766 2661 in·

345 2694 457 2749 tellegere,
473 2693 515 2736 nisi
531 2692 606 2736 credas
623 2693 656 2746 ll,
672 2693 720 2735 118.

315 2765 426 2809 lohannes
435 2764 552 2820 apostolus
561 2766 644 2809 amicus
653 2766 700 2808 erat
706 2765 764 2820 prin-

345 2838 399 2893 cipis
422 2838 568 2893 sacerdotum,
591 2838 618 2880 ad
640 2838 703 2881 cuius
725 2837 764 2880 do·

345 2923 405 2954 mum
420 2911 500 2955 ductus
515 2912 549 2954 est
563 2911 666 2954 dominus
681 2912 715 2964 24,
730 2911 762 2954 12.

315 2982 420 3026 Iohannis
438 2982 547 3038 baptistae
565 2982 649 3036 natalis,
668 2994 763 3037 magnus

344 3056 391 3099 dies
413 3056 482 3110 22,3;
504 3056 654 3099 testimonium
675 3055 764 3098 Domini

344 3129 372 3171 de
388 3128 492 3183 lohanne,
507 3128 609 3171 Iohannis
623 3128 650 3171 de
665 3128 762 3171 Domino

344 3201 427 3254 22,14;
447 3200 469 3243 in
488 3200 599 3255 discipulis
619 3199 699 3269 (Jhristi
719 3212 764 3243 non

345 3274 473 3316 numeratur
483 3272 598 3327 lohannes,
610 3271 763 3315 immochristi
831 3288 832 3291 ¹

836 446 962 502 discipulus,
979 445 1020 490 sed
1036 446 1073 489 ubi
1090 458 1135 489 non
1152 446 1253 490 uidemus

838 521 871 574 22,
888 520 939 571 105,
954 517 1055 562 Christus
1070 517 1168 562 lohanne
1183 519 1255 562 minor

837 592 914 646 aetate,
944 590 1013 633 maior
1042 591 1151 645 patestale
1177 591 1254 644 22,11.

837 666 865 707 77
870 679 876 717 ;
897 664 1006 708 lohannes
1025 676 1071 707 uox
1090 666 1130 718 est,
1151 665 1213 708 lesus
1231 665 1254 707 et

837 736 929 781 uerbum
946 737 969 781 et
985 747 1031 779 uox
1049 736 1082 790 22,
1101 736 1148 780 120.

807 809 896 865 Israhel,
911 809 990 853 uidens
1005 809 1077 853 Deum
1093 809 1126 862 10,
1141 810 1175 853 40,
1189 809 1222 852 05.

807 882 894 926 ludaeis
910 883 996 938 peiores
1012 882 1114 925 haeretici
1131 883 1150 936 2,
1166 883 1205 933 43;
1220 882 1254 925 lu·

836 954 886 998 daei
914 966 1048 1010 parasceuen
1076 965 1153 997 cenam
1179 964 1255 1007 puram

837 1029 918 1071 uocant
930 1029 949 1082 5,
962 1028 1014 1079 107;
1027 1025 1156 1069 ludaeorum
1169 1025 1254 1069 facinus

836 1099 957 1143 detestetur
970 1099 1064 1155 oportet,
1077 1098 1177 1153 quisquis
1189 1097 1254 1141 int-er-

837 1174 871 1216 est
883 1171 980 1228 paschali
993 1170 1111 1216 celebritati
1124 1172 1144 1225 4,
1157 1172 1196 1223 23;
1208 1183 1253 1213 non

835 1244 887 1288 ideo
910 1245 984 1289 ludaei
1011 1245 1059 1289 sine
1086 1243 1174 1298 scelere,
1202 1243 1254 1298 quia

836 1317 937 1361 Christus
954 1318 1068 1361 uoluntate
1085 1328 1165 1373 passus
1182 1317 1217 1360 est
1233 1316 1253 1372 0,

837 1391 876 1442 17;
888 1390 982 1434 ludaeos
993 1390 1074 1445 dignos
1086 1402 1143 1444 esse,
1151 1380 1191 1445 'qui
1202 1390 1253 1444 post

835 1463 1016 1507 resurrectionem
1026 1462 1137 1505 Christum
1145 1462 1253 1516 uiderent,
1284 1518 1286 1520 Ι

836 1548 881 1579 ηοη
897 1534 1001 1579 iudicauit
1018 1535 1079 1578 Deus
1096 1536 1128 1589 10,
1146 1535 1184 1586 17;
1199 1534 1218 1576 Α
1233 1535 1252 1588 7,

837 1608 875 1660 18;
887 1609 1018 1663 sangninem
1031 1606 1118 1661 Christi,
1132 1606 1168 1661 qui
1181 1619 1209 1649 ex
1220 1606 1253 1649 lu·

835 1679 897 1723 daeis
908 1678 1011 1734 baptizati
1022 1680 1080 1732 sunt,
1092 1677 1195 1721 fuderunt
1206 1689 1253 1720 sae-

834 1751 923 1803 uientes,
935 1750 1036 1794 biberunt
1044 1750 1156 1794 credentes
1164 1749 1254 1801 28,140;

835 1824 863 1868 de
875 1824 961 1867 ludaeis
971 1822 1112 1878 patriarchae,
1123 1821 1252 1876 prophetae,

836 1897 938 1952 apostoli,
952 1897 1015 1952 uirgo
1028 1896 1104 1948 Maria,
1118 1896 1141 1938 et
1154 1896 1252 1937 innume·

835 1969 914 2013 rabiles
948 1969 1051 2013 ecclesiae
1078 1967 1251 2010 Christianorum

836 2044 869 2096 10,
880 2043 921 2093 ’41;
933 2042 1007 2085 ludaei
1019 2043 1041 2084 in
1053 2041 1173 2096 purpurato
1184 2040 1251 2083 diuite

835 2115 925 2170 figurati
937 2116 971 2168 30,
984 2116 1037 2165 200;
1050 2114 1125 2156 contra
1137 2124 1252 2166 resurgen-

834 2188 879 2230 tem
898 2186 1016 2229 Dominum
1033 2185 1167 2229 dormientes
1184 2186 1252 2227 testes

835 2257 940 2302 adhibent
952 2259 986 2312 30,
1000 2258 1047 2300 210.

805 2330 882 2374 ludam
897 2330 1005 2373 Dominus
1018 2330 1074 2372 inter
1087 2328 1206 2383 discipulos
1219 2329 1252 2371 to·

835 2403 918 2458 lerauit,
929 2402 957 2446 ad
967 2413 1045 2446 cenam
1053 2413 1115 2445 suam
1126 2400 1219 2453 admisit,
1228 2403 1252 2443 ut

834 2477 924 2519 doceret
936 2474 1057 2519 cauendam
1069 2486 1120 2517 esse
1132 2474 1252 2528 separatio-

834 2562 892 2603 nem,
901 2560 978 2603 pacem
987 2548 1009 2590 et
1019 2547 1124 2590 unitatem
1135 2545 1251 2589 amandam

832 2622 869 2675 ⁴128,
884 2622 923 2672 593
937 2619 1045 2663 uenditori
1059 2619 1125 2663 etiam
1139 2630 1187 2671 suo,
1200 2618 1219 2661 si
1232 2616 1251 2660 is

834 2693 922 2736 ueniam
935 2694 1026 2747 peteret,
1039 2692 1137 2747 parceret
1151 2689 1251 2734 Christus

833 2765 954 2819 astans.

804 2837 911 2880 iudicare:
923 2838 1012 2880 nonest
1023 2836 1125 2889 hominis,
1136 2834 1164 2878 de
1175 2834 1251 2878 alienis

833 2908 936 2951 cordibus
952 2908 1047 2952 iudicare
1062 2909 1096 2961 23,
1113 2908 1145 2950 24.

803 2981 883 3025 iudicia
900 2981 942 3024 Dei
958 2981 1007 3035 alta,
1024 2993 1069 3024 non
1086 2981 1172 3033 iniusta,
1187 2979 1208 3022 in
1224 2979 1250 3021 iis

834 3066 890 3109 qnos
901 3054 993 3108 suscipit
1002 3053 1039 3096 uel
1050 3053 1131 3096 deserit
1142 3051 1191 3105 ΑΟ,
1202 3052 1250 3094 311.

803 3129 873 3171 iustos
892 3139 935 3170 nos
953 3127 1013 3169 Dens
1032 3126 1090 3180 lacit,
1109 3124 1251 3181 quemadmo-

833 3200 886 3243 dum
903 3201 925 3243 et
940 3199 1040 3243 homines
1057 3198 1109 3242 iecit
1124 3199 1157 3252 18,
1173 3199 1206 3240 28.

344 3347 444 3400 tempore
461 3345 579 3399 discipulos
595 3344 713 3400 colligebat
729 3345 762 3399 22,
802 3345 939 3388 lacrimarum
958 3344 1068 3399 baptismo
1087 3343 1154 3386 abluit
1173 3343 1250 3387 Petrus

344 3419 372 3460 43
378 3432 384 3470 ;
403 3419 499 3461 attamen
516 3419 602 3474 etipse
620 3419 666 3462 erat
681 3417 763 3461 Christi

313 3524 367 3577 234

833 3417 958 3472 negationis
971 3419 1084 3472 peceatum
1098 3417 1131 3470 17,
1144 3417 1178 3458 42.
