2819 4040
494 312 525 351 De
537 314 626 363 tempore
639 312 739 353 barbarico

152 449 273 502 aquam,
287 438 318 489 et
330 436 434 490 oculis
448 439 525 490 meis
540 437 661 492 fontem
676 438 887 504 lacrimarum,
901 439 931 490 et
945 433 1083 503 plorabo

151 517 202 571 die
220 536 253 572 ac
269 522 360 573 nocte
377 521 565 575 uulneratos
583 522 677 576 filios
694 522 799 590 plebis
816 521 921 575 meae?
938 518 1083 573 Deficiunt

151 601 250 657 flendo
266 604 338 657 oculi
354 620 457 671 eorum,
474 606 520 672 qui
534 606 712 660 considerant
727 622 782 659 non
799 606 889 659 solum
904 607 1008 658 mortes
1024 618 1082 656 cor-

151 701 257 754 porum,
270 703 366 741 uerum
379 690 461 741 etiam
474 690 634 744 animarum.

107 779 142 816 165
210 770 235 823 6.
250 770 402 825 Christiani
416 771 583 826 Christianis
598 775 746 842 loquimur:
759 792 793 828 ex
806 777 883 843 parte
897 774 1012 828 meliore
1025 788 1080 825 me-

150 854 204 907 lior
221 870 285 922 pars
302 857 330 908 in
347 856 458 908 homine
475 858 625 925 intercepta
640 858 759 912 doletur.
777 858 884 912 Multos
901 859 974 911 enim
990 859 1080 911 consi-

149 938 279 992 deramus
294 940 322 991 in
336 940 390 992 ista
403 941 560 993 uastatione
575 943 633 994 sine
648 946 818 996 sacramento
832 943 963 1010 baptismi
978 958 1011 994 ex
1026 943 1134 995 istarum
1144 955 1233 1009 sincaere·

149 1023 207 1075 uita
224 1021 312 1076 fuisse
328 1025 447 1090 ereptos,
464 1026 545 1091 atque
562 1026 633 1078 inter
647 1041 714 1078 uasa
730 1028 786 1079 irae
798 1013 956 1094 'inexpiatas
972 1026 1079 1079 animas
1094 1004 1145 1082 Ἥ
1153 1004 1227 1088 affin.

150 1106 238 1159 tuisse
256 1106 374 1160 relictas
392 1105 464 1170 Quis
482 1107 570 1161 luctus
588 1109 724 1176 idoneior,
743 1110 803 1176 quis
822 1109 947 1177 planctus
965 1111 1080 1176 aequior

106 1191 266 1243 rtoinueniri
290 1193 391 1257 potest,
421 1192 533 1259 quando
558 1194 596 1245 sic
619 1194 659 1245 ira
683 1195 786 1246 exarsit
810 1195 1017 1261 omnipotentis,
1047 1195 1078 1245 ut

149 1274 295 1342 repelleret
311 1275 551 1329 tabernaculum
568 1292 656 1330 suum
674 1279 705 1330 in
723 1293 784 1344 quo
801 1276 961 1331 habitauit
977 1279 1008 1330 in
1025 1278 1078 1331 ho-

149 1358 299 1425 minibuS,
317 1361 344 1412 et
360 1358 414 1426 ille,
433 1361 478 1427 qui
496 1361 589 1413 unico
607 1360 682 1413 tilio
700 1377 761 1414 non
779 1362 931 1428 pepercit,
949 1360 1004 1414 sed
1021 1377 1078 1429 pro

149 1441 242 1495 nobis
252 1438 391 1496 tradidit
400 1459 480 1510 eum,
491 1459 541 1496 nec
550 1444 668 1510 pretium
677 1445 747 1497 tanti
759 1444 902 1510 sanguinis
913 1444 1077 1509 attenderet3

149 1526 261 1593 quando
276 1527 350 1580 intus
363 1528 391 1579 in
405 1527 488 1581 corde
503 1530 608 1594 nostro,
621 1528 726 1595 templo
741 1529 805 1594 quia
818 1527 949 1594 dignatus
963 1530 1005 1580 est
1018 1544 1077 1595 suo,

106 1623 140 1661 175
149 1611 187 1663 ita
203 1612 297 1663 omnia
312 1610 416 1664 uiolata
433 1627 495 1665 esse
510 1612 658 1679 perspexit,
675 1614 705 1664 ut
721 1612 803 1664 etiam
820 1611 880 1678 ipsa
896 1612 1077 1678 sanctificata,

148 1694 176 1746 in
195 1694 294 1762 quibus
312 1694 440 1748 fidelium
458 1697 629 1748 sacramenta
645 1694 863 1761 celebrabantur,
881 1694 1008 1748 hostibus
1025 1699 1095 1781 tra·h
1113 1705 1214 1782 l²n⁵³⁵l⁶ln

148 1779 214 1832 dere
232 1795 288 1832 non
306 1779 487 1845 dubitauerit3
506 1779 598 1832 nullae
617 1780 756 1845 ecclesiae,
775 1778 843 1832 nulli
861 1779 968 1846 clerico,
986 1780 1077 1833 nullae
1096 1760 1125 1782 ⁰⁵¹
1137 1760 1155 1782 ¹¹⁵
1176 1760 1192 1781 η
1216 1760 1229 1781 ”’

148 1865 271 1916 sacratae
282 1865 392 1930 uirgini,
404 1863 498 1917 nullae
508 1865 631 1931 parceret
642 1863 766 1917 ciuitati?
778 1863 939 1930 Numquid
950 1865 1078 1930 iniquus

146 1946 237 2013 deus,
260 1948 312 2015 qui
333 1947 436 2000 infert
457 1947 555 2001 iram?
576 1947 615 2000 ait
637 1947 791 2013 apostolus.
813 1945 916 1999 Absit.
938 1946 1077 2013 Videmus

105 2031 343 2098 rsointellegimus,
361 2034 442 2098 atque
456 2032 562 2084 utinam
576 2031 759 2098 corrigamus!
782 2031 841 2085 Nec
854 2035 946 2085 tamen
962 2032 1016 2097 ille,
1032 2033 1078 2099 qui

147 2116 187 2167 sic
204 2115 338 2181 irascitur,
356 2118 383 2168 et
400 2116 472 2168 iuste
488 2115 622 2181 irascitur,
641 2131 750 2168 omnem
767 2115 984 2189 misericordiam
1001 2130 1078 2168 suam

147 2198 274 2265 abscidit,
291 2200 337 2267 qui
354 2201 464 2266 poterat
479 2215 588 2252 omnem
605 2199 752 2252 humanam
769 2202 920 2252 creaturam
936 2201 1078 2266 totumque

147 2283 280 2335 mundum
297 2298 354 2336 uno
371 2283 479 2337 diluuio
496 2283 612 2351 perdere
631 2286 678 2336 aut
695 2283 823 2336 incendio
840 2283 954 2336 caelitus
970 2298 1078 2336 concre-

146 2383 230 2420 mare.
248 2366 303 2420 Sed
319 2369 407 2434 parcit
423 2368 471 2420 uni
488 2369 602 2433 ciuitati,
620 2368 686 2421 dum
703 2367 785 2420 aliam
802 2368 930 2434 castigat:
948 2368 975 2420 et
992 2368 1078 2434 parcit

104 2452 192 2505 rasuni
210 2452 377 2518 prouinciae,
395 2452 461 2504 dum
479 2445 561 2504 aliam
578 2451 717 2519 flagellat:
735 2453 762 2505 et
779 2453 942 2519 castigatam
960 2452 1076 2518 reparat,
1126 2450 1187 2486 ΜΝ
1267 2491 1269 2493 .

1107 2498 1206 2535 castigatione

147 2537 228 2602 atque
243 2537 270 2587 in
284 2537 345 2602 ipsa
358 2536 542 2603 castigatione
556 2551 698 2589 mensuras
712 2535 793 2589 nobis
808 2536 962 2602 incognitas
977 2537 1076 2588 seruat.
1091 2546 1133 2576 Deus
1142 2554 1220 2622 reputas

148 2618 184 2671 Et
199 2619 290 2687 agitur
304 2619 356 2671 hoc
371 2618 429 2672 alto
444 2619 547 2672 iudicio
562 2620 770 2686 omnipotentis,
786 2619 966 2686 ipsorumque
979 2618 1077 2685 impias
1091 2594 1222 2680 ,allidat

98 2754 101 2761 ,
146 2704 265 2756 sustinet
280 2718 371 2769 uoces,
388 2718 459 2770 quos
474 2719 531 2756 non
546 2703 663 2755 tradidit
677 2703 804 2756 barbaris
820 2703 921 2769 impiis.
938 2700 993 2755 Sed
1008 2716 1076 2768 ecce,

146 2788 282 2855 inquiunt,
304 2789 398 2840 omnia
419 2789 567 2854 perierunt.
591 2786 652 2840 lure
674 2790 701 2840 et
723 2788 794 2840 iuste
816 2788 956 2854 perierunt
976 2786 1077 2852 omnia,

103 2889 139 2927 roo
147 2872 211 2939 quia
224 2871 338 2924 noluisti
350 2871 417 2925 dare
430 2873 463 2938 ei,
478 2873 524 2939 qui
536 2871 587 2925 tibi
600 2871 678 2925 dedit
691 2873 792 2925 omnia.
807 2871 884 2924 Nihil
897 2871 949 2924 hoc
961 2871 1077 2923 attulisti

147 2958 174 3008 in
189 2955 260 3008 hunc
273 2955 415 3022 mundum,
431 2956 521 3009 nudus
536 2956 646 3023 uenisti,
661 2957 755 3009 omnia
768 2956 812 3009 hic
826 2958 922 3023 parata
936 2955 1077 3008 inuenisti:

145 3041 346 3093 communicare
361 3055 422 3093 cum
437 3056 526 3106 egeno
540 3041 568 3093 et
583 3055 703 3107 paupere
719 3040 842 3093 noluisti.
859 3040 968 3093 Horrea
983 3038 1077 3106 imple-

145 3123 204 3189 baS,
222 3125 352 3190 apotecas
367 3123 525 3189 claudebas,
542 3122 702 3190 gemellaria
718 3123 867 3177 onerabas:
884 3123 995 3190 quando
1011 3137 1077 3191 pau-

145 3207 257 3274 peribus
273 3206 372 3259 exinde
387 3223 443 3259 non
459 3207 604 3274 erogabas,
620 3207 721 3275 quibus
736 3223 768 3260 ea
783 3208 837 3260 nisi
852 3207 975 3261 barbaris
991 3223 1077 3259 reser-

103 3306 137 3344 195
145 3291 251 3345 uabas?

205 3382 230 3435 7.
251 3379 403 3434 Doleamus
421 3382 483 3448 ista,
502 3381 602 3433 iratres
621 3383 683 3448 mei,
702 3383 748 3449 qui
767 3382 864 3450 reliqui
882 3397 975 3435 sumus
994 3397 1078 3449 super

1023 3502 1078 3555 205
