2819 4040
536 309 567 346 lV.
582 309 611 346 De
625 310 681 347 nocte
694 311 760 348 sancta
774 311 790 347 1.

196 432 235 474 sed
246 433 273 476 de
289 434 369 488 ipsius‘
396 435 424 475 27
434 433 582 486 assumpsit}
599 434 694 487 psuppl.
710 448 726 476 s.
743 434 755 477 l.
782 435 806 475 41
823 434 893 487 quod
909 433 1023 487 iustitial.
1038 431 1133 474 subaudi

195 508 332 557 ,meruimus‘;
349 519 415 560 porro
432 505 530 547 iustitia
549 506 668 556 emendaui,
684 519 732 549 cum
749 509 770 549 in
787 508 808 549 G
824 507 899 548 iustis
915 506 1005 559 legatur,
1028 504 1132 559 quemad-

195 579 285 621 modum
297 579 467 632 supraTract.ll,
479 576 529 617 123
541 577 621 628 ,stultis‘
637 590 676 631 pro
693 579 796 631 stultitia.
823 581 851 621 42
866 580 951 622 reddit
962 580 988 622 G.
1021 580 1049 620 47
1067 589 1132 621 com-

195 652 332 694 mendabit.
361 652 389 692 53
402 649 507 702 Christi]
525 648 571 691 Gal.
588 651 608 701 6,
625 651 658 692 14.
690 653 717 694 56
730 654 771 706 qui
783 652 859 695 nobis
876 651 1008 705 insultant]
1027 651 1052 693 ci.
1064 651 1131 693 Serm.

195 726 245 775 279,
268 737 288 766 n.
311 726 332 765 8:
353 722 473 774 ,lnsultetur
493 721 564 772 nobis
586 723 622 775 qui
644 724 749 766 credimus
777 725 798 766 in
820 725 955 775 crucifixum,
984 725 1005 766 in
1027 713 1130 766 occisum.

195 797 222 837 66
244 809 288 838 cur
310 808 360 837 non
381 795 417 836 sic
433 794 533 836 dicatur
557 795 641 846 etiam,
669 798 786 839 Mortuus
812 800 850 839 est
875 797 945 850 deus]
970 797 1036 839 Simili
1060 795 1130 838 modo

194 870 264 911 Enarr.
286 870 307 910 in
324 869 357 910 Ps.
379 869 413 919 49,
435 880 454 908 n.
477 869 499 908 2:
522 869 586 921 ,Ergo
606 881 650 911 non
671 870 759 912 moritur
774 869 875 921 Verbum,
892 882 941 912 cum
962 883 1006 911 non
1027 870 1130 912 moriatur

194 943 264 983 anima
274 941 330 982 iacta
345 952 383 993 per
393 940 498 982 Verbum:
514 939 554 981 sed
565 952 609 993 quo
622 941 690 982 modo
706 943 761 983 recte
778 941 875 992 dicimus,
891 943 991 984 Mortuus
1007 943 1038 984 est
1054 942 1128 992 homo,

194 1014 232 1055 etsi
252 1014 323 1054 anima
339 1013 406 1066 ipsius
429 1026 473 1054 non
491 1013 598 1065 moriatur,
614 1014 644 1055 sic
667 1015 722 1055 recte
739 1014 836 1064 dicimus,
858 1015 957 1055 Mortuus
977 1015 1008 1055 est
1024 1013 1128 1064 Christus,

193 1086 231 1127 etsi
248 1086 348 1127 diuinitas
360 1085 405 1126 eius
421 1097 466 1126 non
483 1085 596 1127 moriatur.‘
622 1087 646 1127 81
666 1087 774 1140 spiritus
791 1086 835 1139 est]
853 1085 878 1127 ci.
892 1085 935 1128 lob.
947 1085 967 1136 4,
978 1087 1012 1127 24.
1038 1087 1127 1127 84-87

194 1157 343 1200 Gloriemur
367 1169 429 1210 ergo
451 1181 480 1187 —
502 1156 699 1212 collocauimus]
722 1159 780 1201 llaec
803 1158 825 1199 in
854 1157 991 1200 collectaneis
1013 1158 1085 1200 Bedae
1107 1159 1128 1199 et

193 1230 249 1272 flori
271 1230 300 1272 ad
324 1229 372 1272 Gal.
395 1231 408 1271 6
430 1230 564 1283 reperiuntur
586 1231 687 1284 inscripta
712 1232 769 1282 ‚ltem
793 1242 821 1272 ex
844 1242 944 1272 sermone
968 1229 995 1271 de
1017 1233 1126 1283 passione‘

193 1303 328 1357 (1141111139,
346 1301 418 1356 1724).
454 1303 482 1345 95
499 1301 650 1356 humiliatur]
668 1304 730 1345 Prou.
748 1305 782 1354 18,
799 1304 832 1344 12.
868 1303 896 1345 96
916 1302 1030 1356 gratiam]
1052 1304 1090 1344 lac.
1107 1303 1127 1353 4,

192 1376 217 1425 o;
234 1376 240 1416 l
257 1376 311 1417 Petr.
327 1376 347 1426 5,
364 1375 383 1416 5.
418 1375 522 1417 96-193
539 1376 589 1425 Qui
605 1389 631 1418 se
647 1375 798 1418 exaltat...
821 1375 940 1428 iniustus]
963 1376 1022 1416 llaec
1038 1387 1127 1428 quoque

192 1461 226 1501 ap.
243 1448 324 1490 Bedam
341 1449 361 1489 et
376 1447 462 1492 Florum
483 1448 504 1489 in
520 1449 581 1494 Rom.
596 1451 623 1491 12
639 1451 677 1501 ,Ex
692 1462 792 1491 sermone
815 1448 843 1490 de
859 1448 962 1501 passione
981 1446 1070 1488 domini‘
1091 1446 1128 1488 de·

192 1523 292 1574 prompta
319 1521 403 1576 (lViigne
426 1523 461 1573 39,
484 1521 557 1575 1723).
595 1524 623 1564 97
646 1521 811 1575 exaltabitur]
838 1522 887 1562 Luc.
916 1520 950 1570 14,
973 1520 1009 1569 11;
1037 1521 1071 1570 18,
1094 1520 1127 1560 14.

192 1595 219 1635 99
236 1594 439 1648 consentientes]
460 1594 521 1639 Rom.
539 1596 572 1645 12,
590 1596 623 1636 16.

359 1809 435 1883 DE
460 1808 653 1884 NOCTE
677 1807 916 1883 SANCTA
941 1808 966 1879 l.

339 1956 448 2007 ominus
467 1957 561 2007 noster
580 1955 656 2008 lesus
675 1953 805 2007 Christus
824 1954 851 2004 in
871 1951 1043 2018 plenitudine
1061 1952 1128 2002 tem-

348 2038 424 2103 poris
444 2053 495 2105 pro
514 2039 625 2090 aeterna
645 2039 741 2089 nostra
760 2036 849 2089 salute
868 2049 1001 2102 passurus
1021 2035 1127 2087 monuit

348 2121 501 2188 discipulos
514 2122 620 2175 dicens:
635 2122 778 2189 Vigilate
791 2123 821 2174 et
833 2123 934 2185 orate,
949 2133 985 2169 ne
997 2121 1125 2172 intretis

171 2220 182 2256 5
347 2205 377 2256 in
401 2207 654 2272 temptationem.
689 2203 776 2271 Quod
800 2204 863 2256 licet
887 2202 999 2256 assidue
1023 2201 1123 2254 debeat

189 2302 283 2339 curare
311 2288 485 2354 christianus,
512 2305 545 2340 ne
573 2288 697 2356 singulas
725 2289 819 2340 noctes
847 2302 961 2340 somnus
988 2286 1122 2351 absumat,

190 2372 317 2437 exemplo
337 2372 458 2437 apostoli
477 2371 593 2424 dicentis
613 2372 647 2424 ln
665 2372 789 2438 uigiliis
808 2372 949 2439 saepius,
965 2369 1015 2421 hac
1032 2371 1124 2421 tamen

192 2457 271 2506 nocte
283 2457 314 2507 ut
325 2457 471 2508 uniuersus
485 2455 599 2509 Christo
611 2456 710 2522 uigilet
722 2455 849 2521 mundus,
864 2455 997 2507 sacratior
1009 2455 1036 2506 et
1049 2469 1124 2507 sanc-

191 2540 246 2590 tior
260 2540 357 2605 uigilia
370 2541 521 2592 constituta
535 2543 588 2605 est;
606 2542 636 2592 ut
651 2540 680 2592 id
695 2540 770 2607 quod
785 2539 870 2591 semel
886 2539 953 2591 fecit
967 2538 1063 2590 diuina
1077 2539 1125 2589 mi-

159 2625 300 2689 roseratio‚
318 2625 506 2676 anniuersaria
522 2624 698 2677 solemnitate
714 2624 833 2676 celebret
848 2624 969 2675 humana
983 2618 997 2691 ΙΙ
1014 2619 1125 2683 deuotio,
1132 2632 1164 2670 roi.
1178 2635 1202 2670 42

190 2723 223 2758 ne
243 2707 335 2759 delere
355 2709 496 2773 permittat
516 2708 630 2761 obliuio.
655 2707 757 2759 Semel
778 2708 850 2760 enim
872 2707 1023 2760 Christus
1044 2723 1275 2766 iilos-Vigiliapamhnlis

190 2792 261 2842 tuus
278 2793 336 2856 est,
353 2792 456 2843 iustus
472 2807 529 2858 pro
545 2791 684 2844 iniustis
708 2790 891 2857 Resurgens
907 2792 998 2844 autem
1014 2807 1030 2843 a
1044 2776 1183 2844 mor·celeris
1197 2776 1275 2806 mmm*

189 2876 253 2926 tuis
268 2876 328 2927 iam
342 2891 404 2927 non
419 2877 564 2941 moritur,
580 2891 663 2929 mors
678 2876 705 2927 ei
720 2876 804 2927 ultra
819 2892 880 2927 non
895 2875 1122 2928 dominabitur.

189 2958 286 3022 Quod
304 2960 385 3011 enim
402 2962 545 3012 mortuus
563 2962 612 3012 est
628 2962 770 3026 peccat0,
789 2961 932 3011 mortuus
951 2961 998 3010 est
1015 2958 1123 3021 semel;

158 3046 272 3110 raquod
291 3045 392 3095 autem
409 3044 503 3107 uiuit,
525 3040 599 3093 uiuit
623 3043 692 3095 deo.
716 3042 767 3095 Sic
782 3044 812 3094 et
828 3059 887 3095 nos
905 3043 1123 3095 existimemus

189 3129 977 3193 nosmortuosessepeccat0,uiuereautemdeoin
994 3124 1122 3179 Christo

189 3212 199 3264 l
206 3228 268 3265 esu.
292 3212 355 3264 Hoc
372 3214 427 3264 tam
446 3226 576 3277 magnum
595 3214 795 3264 sacramentum
814 3214 845 3264 ut
863 3228 971 3280 semper
989 3212 1121 3264 memoria

188 3297 325 3362 retineret,
340 3295 399 3348 dies
414 3297 477 3348 anni
492 3310 546 3361 quo
560 3295 664 3348 iactum
678 3297 720 3347 est
734 3312 789 3348 non
803 3297 898 3363 utique
912 3295 1008 3349 debuit
1022 3295 1120 3348 similis

188 3381 286 3432 ceteris
304 3380 430 3432 noctibus
447 3381 607 3447 praeterire3
628 3378 678 3431 sed
695 3379 854 3434 celebritate
872 3380 1076 3434 solemnissima
1094 3380 1121 3431 in

186 3513 201 3553 8.
208 3513 290 3554 Augustini
300 3514 376 3554 tractatus.
408 3509 419 3551 2
1093 3499 1123 3555 17
