2819 4040
464 330 495 368 lli.
509 329 569 368 index
582 330 690 370 uerborum
703 333 723 371 et
736 331 868 370 elocutionum

148 519 150 524 Α
193 457 290 501 Verbum
300 457 399 500 diuinum
410 457 432 499 et
443 453 562 498 humanum
574 468 640 511 quan-

154 584 156 587 ,
222 532 268 573 tum
285 529 368 572 distent
384 527 412 569 ab
428 527 521 569 inuicem
539 528 639 581 22,127;

709 458 748 507 253
770 457 839 499 uitam
859 457 911 510 post
932 455 1026 497 mortem
1048 464 1131 508 negan-

710 531 764 571 tium
780 529 847 583 impia
863 528 971 583 colloquia
987 528 1021 581 30,
1039 526 1086 568 180,

222 601 319 645 Verbum
334 599 416 643 latebat
430 598 489 653 apud
505 599 601 643 Patrem:
616 603 639 643 ut
680 601 756 644 uitium
766 601 821 660 uitio
832 601 936 655 premitur
946 600 979 654 31,
991 600 1038 642 129.

222 674 291 717 exiret
307 672 335 715 ad
349 685 397 725 nos,
414 673 527 725 assumpta
542 673 576 714 est
589 685 638 716 earo
680 673 754 716 uiuere
781 672 827 714 uult
851 673 922 715 omnis
948 671 1016 714 homo
1043 671 1077 724 12,
1091 671 1129 721 55;

222 746 284 800 quasi
301 748 347 788 uo‘x
363 745 396 797 22,
415 744 460 786 129.

192 818 278 872 ueritas,
292 817 352 859 cibus
365 817 386 858 et
398 817 464 870 potus
476 816 593 859 electorum
605 819 637 871 29,

223 890 274 941 188;
289 889 356 931 uincit
369 887 450 930 damno
465 900 511 943 suo,
526 889 584 931 lucro
597 901 638 932 suo

221 960 639 1017 uincitur,quicontraueritatemlitigat

221 1034 255 1086 32,
270 1033 318 1075 452.

191 1104 277 1159 uigilia:
290 1103 356 1147 debet
368 1116 442 1146 curare
456 1104 597 1159 Christianus
611 1117 638 1147 ne

220 1176 319 1232 singulas
336 1178 412 1218 noctes
429 1188 520 1219 somnus
538 1176 638 1219 absumat

221 1249 240 1301 4,
258 1250 282 1299 55
298 1247 406 1302 paschalis
423 1248 497 1302 uigilia
513 1249 589 1292 ceteris
605 1261 638 1291 sa-

220 1322 300 1364 cratior
324 1322 343 1374 4,
357 1322 369 1363 8
376 1335 381 1372 3
415 1324 515 1364 aeternae
550 1321 637 1377 uigiliae

220 1395 294 1449 imago
314 1394 348 1436 est
366 1394 385 1447 4,
396 1395 434 1445 37;
466 1393 557 1436 uerbum
577 1393 637 1446 ,uigi-

220 1467 272 1508 lare‘
290 1465 317 1509 de
334 1466 429 1520 paschali
446 1467 521 1522 uigilia
538 1465 637 1507 absolute

220 1541 348 1593 usurpatum
362 1541 381 1593 5,
393 1541 421 1584 43
429 1551 463 1590 ss;
476 1552 521 1581 non
534 1538 575 1580 sibi
588 1550 638 1580 con·

218 1613 290 1666 sonat,
301 1611 337 1666 qui
347 1611 456 1655 desiderat
463 1624 550 1665 semper
556 1612 636 1664 uiuere,

219 1686 242 1728 et
257 1698 302 1728 non
319 1687 377 1728 amat
392 1684 497 1740 prolixius
511 1683 603 1739 uigilare
618 1684 637 1738 5,

219 1758 252 1801 75.

710 747 767 788 certe
780 745 859 787 misera
869 747 903 787 est
915 745 969 787 haec
980 745 1036 787 ulta:
1047 746 1128 798 tamen,

710 820 728 861 si
742 820 819 872 posset
833 817 897 860 nobis
911 818 956 860 dari
971 820 1065 871 aeterna,
1079 817 1127 871 quis

709 903 754 934 non
776 890 936 945 gratularetur?
957 891 989 944 12,
1012 891 1063 941 141;
1097 890 1128 932 sic

710 965 767 1016 uiue,
784 965 807 1005 ui
824 963 897 1005 uiuas:
914 963 945 1005 sic
959 963 1016 1015 uiue,
1031 964 1061 1014 ut,
1078 974 1127 1004 cum

709 1036 808 1078 mortuus
830 1035 903 1087 iueriS,
924 1046 968 1076 non
989 1035 1087 1076 moriaris
1107 1036 1126 1086 9,

710 1109 737 1149 84
743 1120 748 1157 ;
766 1107 798 1148 sic
815 1107 872 1158 uiue,
890 1107 1001 1158 tamquam
1019 1105 1089 1147 sciens
1105 1107 1127 1147 ie

709 1178 849 1221 moriturum:
865 1178 896 1219 sic
910 1189 1000 1230 morere,
1015 1178 1126 1231 tamquam

709 1253 791 1295 certum
809 1249 892 1292 habens
909 1251 1076 1292 resurrecturum
1094 1251 1127 1304 28,

710 1325 748 1373 183
768 1323 842 1365 uiuere
861 1323 883 1364 et
902 1321 957 1363 mori
976 1320 1050 1362 docuit
1068 1320 1128 1362 Chri-

709 1397 767 1438 stus:
781 1396 857 1436 uiuere
872 1394 918 1436 sine
934 1393 1058 1447 cupiditate,
1073 1394 1128 1434 mori

709 1468 756 1509 sine
771 1466 850 1508 timore
866 1467 899 1518 28,
915 1467 953 1515 153
969 1464 1006 1506 ubi
1020 1464 1127 1517 Christus,

708 1538 738 1580 ibi
759 1550 803 1579 non
823 1538 857 1580 est
876 1536 917 1578 nisi
938 1536 1011 1578 uiuere
1031 1535 1127 1588 31,100;

708 1622 753 1652 non
773 1609 824 1652 ideo
844 1608 944 1651 iacienda
963 1607 1049 1662 inlicita,
1071 1608 1127 1661 quia,

708 1682 746 1736 qui
767 1694 794 1724 ea
814 1681 902 1735 iaciunt,
924 1680 974 1723 inde
996 1682 1074 1723 uiuunt
1094 1682 1127 1733 33,

708 1754 755 1797 168.

188 1830 247 1872 uitae
269 1829 337 1872 duae:
358 1841 401 1872 una
424 1841 489 1884 quam
511 1827 636 1882 toleramus,
679 1838 746 1868 unum
760 1826 834 1868 multis
848 1825 990 1879 praeponitur
1004 1827 1036 1879 29,
1047 1825 1082 1865 48.

219 1900 286 1943 altera
301 1913 365 1956 quam
380 1900 529 1943 desideramus
543 1901 563 1953 9,
578 1901 602 1951 2;
615 1901 637 1942 in
679 1899 814 1940 uoluntatem
832 1898 873 1939 Dei
889 1897 940 1939 dum
956 1896 1040 1951 imples,
1057 1898 1079 1938 et
1092 1895 1127 1938 ille

219 1972 306 2015 Martha
319 1975 340 2016 et
352 1973 422 2015 illaria
434 1972 541 2026 figuratae
554 1973 587 2026 29,
599 1973 636 2024 913

218 2045 264 2087 uita
276 2045 402 2099 temporalis
414 2043 528 2087 toleranda
540 2045 579 2098 est,
592 2056 637 2086 non

708 1969 784 2023 implet
805 1970 941 2012 uoluntatem
963 1971 1024 2011 tuam*
1045 1968 1128 2010 bonam·

708 2042 800 2097 44977.

219 2117 313 2159 amanda
324 2118 356 2170 29,
368 2118 420 2168 2323
431 2117 453 2158 et
463 2118 537 2159 tamen
547 2128 636 2158 necesse
677 2126 722 2157 uua
736 2114 776 2156 etsi
790 2113 817 2156 de
832 2114 900 2167 spinis
915 2114 974 2155 nasci
987 2126 1031 2155 non
1045 2114 1125 2167 potest,

218 2190 252 2231 est
267 2190 292 2230 ut
307 2190 391 2230 ametur
406 2189 428 2230 et
442 2188 521 2230 misera
535 2188 568 2240 31,
585 2188 636 2239 1163

219 2260 264 2301 uita
276 2259 377 2302 ducendo
390 2259 494 2301 minuitur
507 2260 539 2313 12,
552 2260 591 2309 87;
603 2260 636 2312 30,

708 2186 825 2240 aliquando
835 2189 909 2229 tamen
919 2186 1000 2240 pendet
1010 2185 1086 2229 botrus
1096 2186 1126 2227 in-

707 2261 740 2302 ter
756 2260 830 2313 spinas
847 2260 881 2313 32,
898 2260 946 2302 358.

528 2378 587 2450 III.
608 2376 783 2451 INDEX

231 2484 554 2560 VERBORVM
574 2485 649 2559 ET
668 2485 1079 2560 ELOCVTIONVM

186 2634 198 2662 a
218 2634 307 2672 praepos.
326 2634 373 2662 om:
399 2623 417 2675 5,
429 2622 467 2672 943
488 2622 583 2673 11,142;
601 2623 634 2674 24,

217 2695 258 2735 152
281 2693 360 2744 adnot3
383 2707 444 2745 apro
468 2693 507 2736 ad:
534 2706 635 2736 acenam

217 2765 306 2807 Domini
326 2767 408 2819 28,oo;
436 2778 449 2806 a
468 2779 511 2806 cunr
531 2779 598 2807 aecus:
623 2778 636 2807 a

215 2850 269 2880 uasa
286 2837 305 2879 A
321 2839 340 2891 9,
351 2838 392 2880 319
409 2837 458 2880 adn.

185 2909 636 2961 accedocinizaccedimusseminarell33.

187 2983 304 3036 acceptari:
323 2984 393 3024 alicui?
412 2984 444 3036 11,
464 2983 510 3025 142.

704 2624 748 2664 stat
762 2622 789 2664 ad
801 2624 822 2665 te
835 2623 869 2676 30,
881 2624 920 2674 39;
940 2635 984 2664 non
997 2622 1122 2665 aediiicaret

705 2693 733 2736 ad
760 2694 903 2737 humilitatem
922 2696 1022 2745 32,157;
1048 2696 1124 2736 temta-

705 2767 788 2809 tionem
806 2767 826 2810 d.
845 2779 901 2821 quae
919 2768 953 2809 est
971 2767 997 2808 ad
1015 2766 1122 2809 seductio-

705 2851 755 2882 nem
779 2840 812 2893 33,
823 2840 861 2890 863
891 2851 944 2882 caue
971 2838 1124 2893 concupiscen-

704 2911 764 2965 tiam,
781 2912 803 2953 et
819 2911 838 2953 si
854 2923 898 2953 non
916 2911 943 2952 ad
959 2911 1047 2963 iactum,
1065 2912 1122 2953 certe

705 2982 734 3024 ad
746 2982 839 3025 {uerbum
853 2983 886 3037 33,
901 2984 948 3025 190,

186 3055 294 3108 accipere:
307 3053 430 3108 symbolum
444 3055 462 3109 1,
475 3055 508 3097 43,
521 3055 573 3105 295;
586 3066 633 3096 ora·
676 3053 796 3108 adquisitor
807 3057 840 3109 20,
852 3056 885 3097 38.

216 3126 300 3169 tionem
316 3127 334 3181 1,
350 3127 383 3168 44.
399 3127 451 3176 2643
467 3126 494 3168 ci.
510 3126 529 3168 Α
544 3127 563 3178 4,
579 3127 631 3180 4sq.
676 3124 704 3167 ad
718 3124 757 3168 ubi
773 3126 806 3180 30,
823 3127 861 3177 883
877 3127 910 3179 32,
927 3127 959 3168 17.

185 3199 314 3241 acrimonia:
327 3197 453 3252 disciplinae
467 3199 499 3252 17,
513 3199 560 3240 110,

185 3271 223 3314 ad:
249 3271 276 3312 ad
300 3272 350 3313 octo
369 3271 415 3313 dies
438 3271 456 3324 1,
468 3271 519 3322 296;
542 3270 632 3326 uigilare

676 3210 701 3240 ae
714 3212 751 3249 pro
764 3211 787 3240 e:
801 3197 929 3253 caelebrare,
943 3200 1043 3252 aesurire,
1058 3210 1122 3253 aepu-

704 3269 749 3324 lari,
770 3283 839 3324 aesca,
859 3271 967 3313 cottidiae.

215 3342 243 3385 ad
266 3343 318 3399 galli
343 3344 436 3397 cantum,
468 3342 496 3384 ad
518 3343 631 3385 orationes
676 3342 1124 3398 aedificare:auaritiam30,224;adhu-

215 3416 233 3470 1,
245 3417 298 3467 298;
315 3416 415 3470 expectet
426 3413 453 3456 ad
463 3413 523 3457 illum
535 3414 567 3467 15,
580 3415 631 3466 103;

196 3532 219 3571 ὑ*

704 3414 817 3457 militatem
834 3415 926 3469 32,157.

1071 3522 1124 3578 243
