2819 4040
659 311 770 360 appendix.
789 313 850 352 Traet.
860 312 891 351 lx.

161 452 230 483 mam
243 454 293 491 polio·
308 433 477 499 propinauit.
494 433 552 487 Vos
569 433 720 502 alloquitur
735 438 848 504 ueritas,
865 453 882 490 0
898 436 1045 489 dilectores
1062 436 1168 489 mundi:
1186 436 1242 490 Ubi
1252 453 1286 490 125

154 502 359 585 „¹,¹,⁸{2¹,1{⁸,¹‡,¹,¹‡¹,¹ss⁵,„‚est,
382 518 458 583 quod
478 518 634 572 amabatis?
654 520 702 572 ubi
724 523 774 587 est,
796 522 872 589 quod
893 537 944 588 pro
965 511 1243 587 magno'tenebatis?
1336 515 1338 519 ’

189 597 261 635 ¹¹‘01‘l't‘
308 598 355 652 ubi
371 603 422 668 est,
438 602 514 668 quod
529 602 668 656 dimittere
684 603 843 659 nolebatis?
857 605 904 658 ubi
920 606 962 656 est
976 602 1081 670 Africa,
1098 619 1167 670 quae
1181 605 1243 656 toto

308 685 413 739 mundo
431 686 486 739 fuit
502 688 579 741 uelut
596 687 692 741 hortus
710 689 891 744 deliciarum?
907 689 954 742 ubi
971 691 1014 742 tot
1030 688 1178 755 regiones?
1194 687 1242 740 ubi

306 771 400 822 tantae
414 770 659 838 splendidissimae
671 772 818 828 ciuitates?
834 773 935 828 Nonne
946 774 1025 826 tanto
1038 772 1105 826 haec
1117 771 1242 826 acerbius

306 855 442 921 castigata
463 857 514 921 est,
534 858 638 922 quanto
659 855 721 909 aliis
742 859 893 924 prouinciis
914 856 1066 911 emendatis
1087 857 1141 908 ista
1159 857 1286 917 comi-130

219 1008 221 1015 Ι
306 939 401 1006 gendo
424 939 514 992 noluit
535 940 674 1007 suscipere
697 941 893 1008 disciplinam?
916 940 1050 1009 lugendo
1073 941 1126 993 ista
1148 941 1241 1008 potius

306 1023 381 1076 dicta
394 1025 458 1090 sint,
470 1039 553 1092 quam
568 1026 742 1079 insultando:
757 1028 932 1100 nequeenim
946 1026 1051 1079 alienus
1065 1024 1168 1092 poterit
1181 1040 1241 1077 esse

307 1107 341 1160 ab
361 1109 422 1160 istis
440 1106 653 1176 calamitatibus,
674 1125 755 1177 quem
774 1113 848 1165 intus
867 1110 1060 1179 conpassionis
1079 1109 1160 1163 huius
1179 1111 1241 1176 pius

171 1218 231 1248 „pm
240 1220 279 1248 cap.
305 1193 396 1260 tangit
410 1192 539 1247 affectus
556 1193 664 1261 lllagno
678 1194 786 1248 affectu
799 1197 853 1249 ista
866 1196 1072 1263 deputarentur,
1086 1195 1110 1247 si
1123 1196 1241 1248 tantum-

162 1267 289 1352 Μὲζξηζξζῗξῗξ
306 1276 392 1329 modo
407 1276 578 1330 audirentur:
593 1279 621 1329 at
633 1292 695 1330 cum
707 1278 805 1331 oculos
819 1281 932 1332 nostros
946 1279 1007 1331 dira
1020 1277 1085 1331 haec
1099 1278 1241 1331 calamitas
1251 1298 1285 1336 135

167 1362 279 1394 assensum.
306 1359 398 1426 feriat,
412 1362 639 1428 mortuorumque
651 1361 793 1414 hominum
806 1362 975 1430 sepeliendis
988 1361 1170 1415 cadaueribus
1183 1360 1241 1413 nul-

305 1444 348 1497 lus
364 1447 497 1512 occurrat,
512 1461 609 1498 omnes
625 1446 702 1499 uicos
717 1462 869 1514 omnesque
885 1448 991 1514 plateas
1008 1449 1087 1500 atrox
1101 1460 1184 1512 more,
1199 1448 1241 1499 to-

304 1530 361 1581 tam
375 1524 584 1597 quodammodo
597 1530 757 1585 loedauerit
769 1532 921 1597 ciuitatem3
936 1531 1144 1585 considerantes
1158 1531 1240 1583 etiam

304 1613 353 1666 illa
365 1615 446 1681 mala,
458 1618 560 1668 matres
572 1616 694 1669 familias
705 1617 831 1684 captiuas
843 1617 985 1683 abductas,
997 1618 1182 1684 praegnantes
1194 1615 1240 1668 ab·

305 1699 400 1765 scisas,
414 1691 649 1754 nutriceseuulsis
662 1717 676 1753 e
690 1699 818 1754 manibus
831 1700 955 1768 paruulis
968 1703 1050 1767 atque
1062 1700 1090 1753 in
1102 1701 1148 1753 uia
1160 1701 1284 1758 semi-140

304 1784 377 1836 uiuis
393 1784 533 1851 proiectis,
548 1800 618 1851 quae
633 1800 683 1837 nec
696 1786 778 1838 uiuos
792 1787 942 1852 potuerunt
956 1784 1034 1836 lilios
1049 1785 1175 1849 retinere,
1191 1798 1240 1835 nec

304 1870 430 1921 mortuos
452 1870 604 1937 permissae
626 1873 691 1922 sunt
712 1869 874 1937 sepelire...
904 1869 1050 1923 Cruciatus
1072 1869 1100 1921 in
1122 1871 1239 1934 utroque

304 1967 422 2019 magnus
439 1954 466 2006 et
481 1953 575 2006 dolor:
592 1953 657 2007 binc
672 1953 750 2006 dolet
765 1954 859 2007 uiuum
877 1953 975 2006 auibus
991 1952 1160 2019 canibusque
1177 1968 1239 2019 pro·

303 2037 402 2089 tectum
419 2051 499 2090 suum
515 2037 669 2104 paruulum,
686 2037 749 2091 binc
764 2038 861 2091 metuit
876 2037 1079 2094 offende<re>
1095 2036 1238 2089 dominum

303 2121 488 2187 barbaricum;
498 2121 584 2175 dolor
593 2123 620 2175 et
630 2123 714 2174 timor
724 2123 844 2175 tortores
854 2122 947 2175 cordis
959 2122 1100 2174 assistunt.
1114 2120 1238 2187 lnpdsita
1248 2141 1282 2178 145

303 2206 387 2258 etiam
411 2205 525 2259 insolita
546 2206 667 2258 humeris
691 2206 827 2273 pondera:
852 2207 942 2258 anima
965 2206 1050 2258 tantis
1073 2204 1238 2258 cruciatibus

303 2290 416 2356 lassata,
430 2291 509 2357 graui
523 2291 648 2358 pondere
662 2290 797 2357 fatigatur
810 2293 837 2342 et
850 2291 962 2357 corpus;
976 2291 1003 2342 et
1017 2291 1136 2342 maxime
1148 2306 1164 2341 a
1177 2289 1238 2341 tali-

302 2373 354 2426 bus
370 2373 483 2427 feminis
496 2374 548 2427 hoc
562 2375 647 2441 impia
660 2374 804 2427 barbarica
818 2375 942 2442 potentia
955 2374 1055 2440 exegit,
1069 2375 1099 2426 ut
1112 2388 1153 2439 ea,
1168 2388 1237 2440 quae

302 2471 332 2509 se
352 2456 457 2510 sciebat
475 2457 625 2510 multorum
644 2458 844 2525 mancipiorum
864 2457 951 2510 tuisse
971 2456 1121 2522 dominam,
1140 2456 1237 2509 barba-

301 2556 396 2593 rorum
411 2556 441 2593 se
455 2540 549 2594 subito
564 2542 623 2594 sine
637 2540 696 2594 ullo
711 2542 801 2608 pretio
816 2541 923 2608 lugeret
938 2540 1073 2593 ancillam.
1091 2540 1281 2607 lmpletum150

302 2627 344 2677 est
355 2624 434 2691 illud,
445 2625 521 2692 quod
530 2624 635 2678 dictum
647 2628 689 2678 est
699 2641 748 2692 per
758 2625 922 2692 prophetam
935 2623 1039 2678 Dauid:
1051 2625 1236 2678 Vendidisti

301 2709 454 2776 populum
473 2711 560 2763 tuum
578 2711 647 2763 sine
665 2710 783 2777 preti0,
802 2711 833 2762 et
851 2725 913 2763 non
932 2709 995 2762 fuit
1013 2708 1186 2762 multitudo
1205 2709 1236 2761 in

301 2793 553 2846 iubilationibus
565 2809 682 2847 eorum.
702 2792 779 2846 Dura
791 2793 826 2846 ab
839 2794 878 2846 eis
892 2793 1004 2846 seruitia
1016 2794 1075 2846 sine
1086 2792 1144 2846 ulla
1155 2794 1235 2845 mise-

300 2877 421 2930 ricordia
433 2877 612 2930 humanitatis
624 2895 639 2930 a
651 2878 777 2931 barbaris
790 2878 945 2944 exiguntur.
958 2876 1094 2944 Strepitus
1106 2878 1235 2930 clamoris

300 2961 381 3014 huius
390 2961 508 3014 cottidie
518 2962 545 3014 in
557 2961 668 3014 auribus
679 2963 782 3015 nostris
792 2962 829 3014 ab
840 2962 879 3014 eis
890 2963 935 3028 qui
945 2962 1086 3029 coniuges,
1097 2964 1234 3029 parentes,
1244 2980 1278 3017 155

300 3047 328 3098 in
346 3045 395 3099 illo
413 3047 518 3113 impetu
534 3046 715 3113 perdiderunt
732 3048 848 3113 exurgit.
868 3045 941 3098 Dum
958 3046 1025 3099 talia
1041 3047 1234 3113 conspicimus

300 3132 381 3198 atque
395 3131 463 3183 talia
476 3130 612 3197 uidemus,
626 3130 761 3197 numquid
775 3130 882 3183 ferreae
897 3132 960 3183 sunt
973 3146 1069 3183 carnes
1083 3130 1234 3197 homiuum,

300 3216 408 3268 etiamsi
424 3230 523 3268 sensus
539 3215 645 3268 ferreus
661 3217 688 3268 in
705 3216 843 3283 aliquibus
860 3215 1017 3268 inuenitur?
1032 3213 1104 3278 Quis
1120 3215 1173 3267 ista
1189 3229 1234 3267 au-

183 3323 186 3327 ’
208 3318 241 3356 foi.
256 3320 291 3357 rso
299 3300 379 3353 diens
395 3299 549 3367 uidensque
565 3315 620 3352 non
636 3299 739 3365 doleat,
756 3302 837 3366 atque
850 3295 897 3369 flin
912 3301 952 3352 eis
968 3299 1014 3366 qui
1030 3298 1154 3366 perpessi
1170 3300 1234 3352 sunt

299 3399 329 3437 se
352 3384 448 3452 potius
470 3398 553 3452 quam
577 3382 642 3436 illos
667 3383 801 3452 plangat?
825 3381 906 3446 Quis
928 3382 1020 3436 dabit
1041 3382 1141 3450 capiti
1165 3398 1277 3437 meono

297 3502 351 3556 204
