2819 4040
381 311 431 356 xxi.
444 315 475 355 De
488 312 640 365 quadragesima
652 310 777 354 hsceusionis
790 309 865 354 domini
876 310 895 353 2.

172 441 222 506 est,
241 438 326 494 Deus
343 440 537 495 manifestus
553 440 671 493 ueniet:
689 457 744 494 non
762 436 996 508 quemadmodum
1013 437 1104 505 primo

171 524 247 578 uenit
264 525 397 593 occultus,
414 520 465 577 sed
482 524 553 576 sicut
570 523 672 576 dictum
690 527 739 592 est,
757 522 932 577 manifestus,
955 519 1103 576 Occultum
1144 535 1238 593 osenna!

141 609 243 661 15enim
255 625 317 663 eum
328 608 477 677 oportebat
487 608 590 674 uenire,
603 609 633 661 ut
644 608 820 674 iudicaretur;
833 608 998 661 manifestus
1010 607 1102 660 autem
1110 584 1256 672 Clll‘ffpnlass'lllf‘

169 693 270 758 ueniet,
283 694 314 746 ut
326 692 436 746 iudicet.
456 689 485 744 Si
499 691 571 743 enim
585 692 660 758 prius
674 692 838 746 manifestus
851 693 965 757 ueniret,
979 690 1101 745 iudicare

170 777 348 830 manifestum
367 775 429 842 quis
446 773 580 828 auderet?
602 771 724 841 Quando
742 777 853 844 quidem
871 775 938 829 dicit
955 773 1101 843 apostolus

170 856 285 913 Paulus:
311 857 343 913 Si
368 860 450 911 enim
476 860 718 927 cognouissent‚
745 875 911 928 numquam
937 859 1100 912 dominum

167 942 294 1009 gloriae
309 941 562 996 crucifixissent.
583 940 639 995 Sed
655 944 678 996 si
694 943 741 997 ille
757 960 813 997 non
829 943 1008 1009 occideretur,
1024 956 1099 995 mors

136 1038 161 1077 20
168 1041 224 1079 non
240 1027 403 1079 moreretur:
418 1025 553 1092 trophaeo
568 1041 619 1079 suo
635 1027 764 1081 diabolus
779 1029 868 1081 uictus
883 1029 933 1080 est.
956 1025 1099 1079 Exultauit

167 1110 240 1162 enim
256 1108 395 1176 diabolus
411 1109 523 1176 quando
538 1109 676 1164 hominem
692 1112 809 1178 primum
825 1109 983 1164 seducendo
999 1109 1098 1163 deiecit

167 1194 195 1245 in
210 1195 335 1247 mortem.
356 1191 478 1246 Primum
492 1192 630 1247 hominem
645 1195 803 1248 seducendo
818 1194 929 1247 occidit:
944 1192 1096 1247 occidendo

166 1278 358 1343 nouissimum,
375 1277 410 1330 de
427 1277 532 1345 laqueis
549 1279 665 1345 primum
683 1279 812 1347 perdidit.
895 1297 896 1300 ¹

223 1374 250 1427 2.
264 1372 349 1426 Facto
359 1375 402 1426 est
412 1388 479 1440 ergo
490 1389 555 1427 uera
565 1375 680 1428 uictoria
691 1374 797 1428 domini
808 1373 897 1426 nostri
909 1371 971 1425 lesu
982 1370 1095 1437 Christi,

133 1471 225 1510 ascum
240 1457 389 1510 resurrexit
402 1458 429 1510 et
443 1457 566 1511 ascendit
580 1459 607 1511 in
621 1458 739 1523 caelum3
754 1456 951 1524 impletumque
965 1457 1007 1508 est
1021 1455 1096 1523 quod

165 1540 291 1608 audistis,
314 1556 375 1594 cum
396 1539 581 1609 Apocalypsis
604 1542 748 1609 legeretur,
771 1540 856 1594 Vicit
878 1541 929 1593 leo
950 1539 989 1592 de
1010 1539 1096 1592 tribu

166 1623 251 1677 luda.
273 1623 336 1691 Ipse
350 1624 394 1678 leo
408 1624 498 1678 dietus
512 1627 562 1692 est,
577 1626 636 1692 ipse
650 1639 738 1691 agnus
752 1623 842 1677 dictus
857 1625 910 1675 est:
925 1621 969 1673 leo
983 1623 1096 1688 propter

163 1707 366 1775 tortitudinem,
382 1724 470 1776 agnus
486 1711 599 1776 propter
614 1708 811 1761 innocentiam:
828 1707 873 1759 leo
889 1706 953 1773 quia
969 1705 1095 1772 inuictus,

162 1807 250 1859 agnus
264 1793 328 1859 quia
340 1794 508 1846 mansuetus.
530 1791 565 1845 Et
578 1793 629 1845 iste
644 1806 732 1859 agnus
746 1791 853 1843 occisus
867 1790 955 1842 morte
968 1804 1018 1842 sua
1029 1789 1095 1842 uicit

129 1887 154 1924 ao
162 1875 278 1943 leonem,
292 1877 338 1943 qui
352 1876 458 1943 quaerit
472 1889 549 1944 quem
565 1876 690 1929 deuoret.
711 1873 810 1928 Dictus
823 1875 866 1927 est
878 1874 951 1927 enim
964 1872 1094 1927 diabolus

161 1958 205 2013 leo
223 1959 343 2027 feritate,
361 1976 417 2014 non
434 1962 544 2014 uirtute.
569 1958 724 2028 Apostolus
744 1960 846 2026 quippe
863 1958 902 2011 ait
920 1955 1030 2011 Petrus:
1047 1956 1093 2011 Vi·
1110 1967 1180 1999 Christus
1188 1970 1212 2000 1e0
1221 1972 1236 2002 et

158 2043 247 2110 gilare
258 2060 310 2097 nos
321 2046 432 2112 oportet
443 2044 578 2098 aduersus
590 2046 775 2110 temtationes
789 2046 862 2112 quia
874 2044 1091 2112 aduersarius,
1144 2026 1198 2056 arnus.

158 2124 363 2195 inquit,uester
378 2128 821 2197 diaboluscircuitquaerens
843 2143 933 2196 quem
950 2131 1091 2184 deuoret.

158 2212 215 2267 Sed
237 2213 379 2281 quomodo
400 2214 503 2281 circuit,
526 2214 607 2267 dixit:
631 2212 720 2267 Sicut
742 2214 792 2267 leo
814 2215 945 2281 rugiens
966 2214 1090 2280 circuit,

125 2309 314 2365 asquaerens
335 2314 424 2365 quem
442 2298 585 2352 deuoret.
610 2296 683 2364 Quis
703 2313 758 2351 non
778 2299 928 2351 incurreret
946 2299 973 2350 in
992 2298 1090 2351 dentes

157 2380 247 2434 leonis
260 2380 350 2449 huius,
364 2382 418 2435 nisi
431 2382 544 2434 uicisset
558 2381 601 2435 leo
616 2382 650 2434 de
664 2382 738 2434 tribu
753 2380 841 2435 luda?
861 2379 968 2435 Contra
982 2381 1090 2434 leonem

156 2465 208 2533 leo,
219 2467 315 2519 contra
324 2466 419 2534 lupum
429 2481 527 2533 agnus.
543 2465 686 2520 Exultauit
696 2466 835 2534 diabolus
844 2465 957 2533 quando
975 2463 1091 2518 mortuus

155 2553 197 2603 est
217 2549 355 2618 Christus
374 2554 401 2604 et
419 2552 447 2604 in
466 2553 527 2618 ipsa
546 2554 635 2605 morte
654 2550 759 2605 Christi
778 2553 820 2604 est
838 2550 969 2604 diabolus
987 2552 1087 2605 uictus:

153 2636 294 2701 tamquam
307 2635 335 2687 in
347 2635 501 2702 muscipula
514 2650 604 2688 escam
618 2637 730 2702 accepit.
749 2634 900 2688 Gaudebat
913 2634 951 2688 ad
963 2636 1087 2702 mortem,

121 2731 146 2769 ro
155 2718 233 2785 quasi
245 2719 422 2787 praepositus
433 2719 542 2771 mortis:
554 2718 591 2771 ad
602 2718 678 2785 quod
688 2718 837 2785 gaudebat,
850 2717 915 2772 inde
927 2717 967 2770 illi
978 2720 1087 2771 tensum

153 2802 203 2855 est.
232 2799 391 2869 Muscipula
411 2801 527 2869 diaboli,
548 2817 615 2855 crux
636 2803 753 2855 domini:
776 2817 839 2855 esca
860 2818 914 2870 qua
935 2805 1085 2870 caperetur,

152 2900 227 2937 mors
243 2885 358 2940 domini.
380 2884 449 2939 Ecce
464 2888 582 2939 surrexit
597 2886 726 2939 dominus
742 2887 837 2939 noster
853 2884 931 2939 lesus
947 2885 1084 2940 Christus.

153 2967 209 3021 Ubi
231 2970 273 3021 est
292 2984 375 3035 mors,
398 2984 468 3036 quae
489 2969 623 3037 pependit
643 2971 671 3021 in
693 2968 789 3035 ligno?
809 2969 857 3022 ubi
878 2971 921 3022 est
941 2970 1084 3023 insultatio

153 3051 337 3106 ludaeorum?
355 3051 402 3104 ubi
421 3055 464 3105 est
481 3053 583 3120 typhus
602 3056 630 3106 et
648 3052 778 3120 superbia
796 3056 879 3121 caput
897 3056 961 3107 ante
978 3069 1083 3107 crucem

118 3146 142 3183 45
151 3136 315 3202 agitantium
329 3137 356 3188 et
369 3135 527 3202 dicentium,
542 3135 574 3189 Si
590 3135 683 3189 iilius
698 3136 750 3189 dei
765 3133 841 3207 lest,
856 3137 1031 3191 descendat
1044 3137 1125 3190 desa

149 3219 258 3273 cruce?
278 3218 347 3273 Ecce
360 3218 422 3286 plus
435 3219 509 3286 fecit,
524 3234 605 3287 quam
618 3219 659 3272 illi
672 3220 835 3274 insultando
848 3221 1006 3288 exigebant:
1019 3219 1082 3289 plus

149 3304 222 3356 enim
235 3305 279 3356 est
292 3303 327 3357 de
341 3302 487 3371 sepulchro
501 3317 653 3371 resurgere,
668 3319 750 3371 quam
764 3305 800 3359 de
814 3306 892 3372 ligno
905 3305 1080 3359 descendere.

208 3387 233 3441 3.
252 3386 308 3440 lam
323 3402 390 3441 uero
405 3389 507 3455 quanta
521 3387 612 3454 gloria
627 3390 678 3454 esi,
694 3388 770 3455 quod
786 3389 911 3443 ascendit
925 3390 952 3442 in
966 3388 1081 3456 caelum,

1047 3508 1081 3561 77
