2819 4040
392 354 393 357 ,
465 326 488 365 ll.
501 326 562 366 Index
574 327 676 367 nominum
689 330 709 368 et
722 339 786 368 rerum

160 450 241 495 laetitia
261 450 475 504 Christianorumin
495 462 539 506 quo
558 464 609 495 con·

189 525 253 570 sistat
265 526 285 579 8,
294 525 329 567 42.

161 597 216 641 latro
234 597 331 651 eredidit,
348 595 437 651 quando
455 596 553 651 discipuli
570 596 607 641 de·

190 669 289 713 iecerunt
307 667 327 712 A
343 669 363 722 5,
373 668 412 719 7l;
433 667 500 711 iidem
518 667 607 712 latronis

189 741 265 785 dilexit
275 740 384 784 Dominus
394 738 413 782 A
423 741 443 794 5,
454 741 501 784 102.

160 813 256 856 laturarii
280 811 361 867 mundi,
395 824 503 867 pauperes
526 812 606 857 Christi

191 885 243 940 Al,
255 887 303 929 136.

160 958 237 1002 laudes
261 958 302 1002 Dei
325 957 454 1001 Donatistae
477 960 606 1004 amaricaue·

190 1031 241 1073 runt
251 1032 284 1084 28,
295 1031 342 1074 282.

163 1103 257 1146 Lazarus
275 1114 359 1157 pauper
376 1103 432 1147 torte
450 1116 491 1147 nec
508 1103 606 1159 sepultus

189 1178 223 1218 est
236 1175 328 1229 80,130.

160 1247 266 1291 lectiones
277 1246 384 1302 quaedam
393 1248 535 1305 euangelicae
545 1249 606 1292 omni

190 1331 248 1362 anno
270 1319 339 1363 lectae
358 1321 382 1363 et
404 1320 516 1375 expositae
539 1322 607 1375 13,2;

189 1391 282 1446 15,2ss.

160 1463 222 1520 leges
237 1465 289 1507 sunt
306 1477 318 1507 a
335 1464 458 1509 christianis·
472 1466 606 1521 imperatori-

189 1534 232 1579 bus
241 1535 400 1592 promulgatae,
409 1549 466 1592 quae
474 1538 531 1581 satis
539 1537 606 1580 abun-

190 1606 262 1662 deque
274 1609 374 1652 muniant
384 1609 497 1652 ecclesiam
511 1610 544 1664 25,
556 1610 575 1652 8.

160 1679 196 1723 leo
211 1680 311 1724 Christus
325 1681 352 1724 de
366 1681 424 1725 tribu
438 1681 491 1725 luda
504 1682 607 1724 dormiuit

190 1753 212 1795 et
225 1751 277 1795 uicit
289 1753 354 1807 6,44;
367 1753 402 1796 leo
415 1753 487 1796 dietus
497 1754 531 1797 est
543 1765 608 1807 prop·

189 1826 223 1868 ter
245 1825 402 1879 fortitudinem,
424 1838 495 1882 agnus
517 1827 607 1880 propter

188 1896 335 1940 innocentiam
343 1897 607 1952 21,27;diabolusautem

189 1969 224 2013 leo
237 1969 329 2024 leritate,
341 1982 386 2012 non
398 1970 478 2012 uirtute
490 1970 524 2022 2l,
534 1969 567 2011 31.

160 2041 260 2085 liberales
275 2042 322 2084 libri
337 2043 375 2096 qui
388 2043 496 2085 uocantur
511 2041 605 2096 24‚155.

158 2113 264 2169 ligaturae
277 2115 368 2168 33,146.

159 2185 259 2243 liturgiae
270 2185 396 2230 Gallicanae
407 2186 468 2229 locus
479 2199 508 2229 ex
518 2185 606 2241 Appen·

188 2258 242 2302 dicis
264 2260 356 2302 tractatu
378 2259 434 2312 Vlll,
469 2260 493 2301 ut
514 2258 605 2311 uidetur,

188 2329 281 2373 haustus
293 2331 312 2372 A
324 2333 343 2384 8,
356 2332 384 2372 87
396 2330 470 2374 adnot.
483 2329 519 2385 (ci.
532 2330 606 2373 Fausti

189 2402 263 2448 Relen.
284 2402 311 2444 ad
330 2402 445 2444 Paulinum
464 2402 534 2456 epist,
553 2401 606 2444 mu.

190 2475 251 2518 Auct.
282 2474 394 2529 antiquiss.
423 2475 472 2517 Vlll
496 2475 544 2529 277,
568 2476 606 2516 27:

189 2547 310 2603 ,apostolus
326 2548 415 2602 Paulus,
433 2548 461 2591 de
478 2549 539 2591 cuius
557 2561 606 2602 pec-

188 2623 236 2663 tore
253 2620 315 2674 quasi
331 2620 359 2663 de
374 2620 458 2674 templo
474 2632 515 2663 suo
531 2620 606 2662 Domi·

188 2704 230 2735 nus
251 2691 445 2747 loquebatur...‘).

159 2763 206 2806 luce
224 2763 336 2817 quomodo
352 2763 481 2807 reficiuntur
495 2763 558 2817 oculi,
575 2764 606 2806 sie

189 2835 238 2877 Deo
253 2836 344 2878 ueritate
357 2835 454 2889 pascitur
466 2834 534 2878 homo
548 2847 606 2878 com-

188 2909 285 2950 mutatus
301 2908 333 2961 29,
350 2907 387 2949 l9l
397 2919 426 2950 ss.

159 2979 218 3022 lucra
234 2978 315 3021 inlicita
331 2979 462 3021 damnantur
478 2981 511 3033 88,
529 2980 569 3022 160
576 2992 605 3023 ss.

159 3052 264 3094 luminum
291 3050 395 3105 splendor
420 3052 441 3093 in
468 3051 543 3107 uigilia
568 3064 606 3106 pa·

188 3123 256 3166 schali
268 3124 287 3177 5,
299 3124 333 3167 40.

159 3270 257 3327 magistri
281 3269 362 3313 Christi
384 3268 486 3312 cathedra
509 3269 560 3313 ideo
583 3270 605 3312 in

189 3342 257 3396 caelo,
269 3342 320 3396 quia
331 3353 383 3384 crux
394 3342 454 3396 prius
465 3341 506 3384 fuit
516 3342 538 3384 in
548 3343 608 3384 terra

188 3416 222 3470 32,
239 3415 284 3457 132.

646 466 736 509 magum
751 466 800 498 esse
815 453 926 497 Christum
941 450 1023 508 pagani
1038 448 1095 493 eiiu-
1141 435 1143 438 Α

674 526 758 570 tiebant
778 526 797 569 A
809 527 829 582 7,
839 527 872 570 87.

645 599 728 642 Maiani
750 612 767 643 s.
789 596 905 654 Augustini
928 607 1048 650 sermones,
1071 596 1094 639 et

675 671 842 727 Guelferbytani
861 672 977 714 tractatus:
998 667 1093 713 Praelat.

675 746 711 789 Xl.
740 745 796 788 Xlll.
823 745 912 799 Xleq.
934 743 1002 787 XXII.
1024 742 1092 786 XXV.

675 817 751 860 XXIX.
769 816 835 860 XXX.

645 889 703 932 mala
720 888 789 932 seruis
808 887 848 931 Dei
867 900 954 942 semper
970 899 1011 941 pro
1027 886 1092 929 bonis

674 960 778 1005 retributa
804 961 837 1013 28,
857 961 909 1011 2753
935 958 992 1002 mala
1017 957 1093 1001 mundi

675 1033 764 1087 quando
783 1032 890 1085 saeuiunt,
908 1032 1043 1074 murmurant
1061 1031 1093 1072 di·

674 1104 766 1149 lectores
789 1102 865 1146 mundi
887 1102 906 1145 A
927 1103 1014 1157 4,155;
1042 1101 1093 1144 mali

675 1178 757 1231 auctor,
767 1175 859 1230 angelus
869 1173 978 1229 superbus
987 1174 1006 1216 A
1015 1175 1035 1227 4,
1045 1175 1091 1217 159.

645 1247 825 1291 Manichaeorum
837 1259 896 1290 error
906 1246 1028 1289 timentium
1040 1246 1092 1288 Ver-

675 1321 705 1363 bo
720 1319 772 1362 dare
787 1331 873 1362 carnem
889 1317 908 1360 A
922 1319 942 1371 7,
956 1318 1018 1361 ldss

645 1393 716 1435 Maria
731 1392 795 1445 uirgo
810 1390 838 1433 de
854 1389 940 1433 ludaeis
955 1390 989 1432 est
1004 1390 1037 1443 10,
1052 1390 1092 1440 42,

673 1463 768 1507 Mariam
791 1462 884 1517 Spiritus
905 1463 994 1505 sanctus
1018 1461 1093 1504 iecun·

674 1536 736 1580 dauit
757 1537 846 1589 castam,
867 1536 889 1578 et
909 1534 1006 1577 seruauit
1026 1534 1093 1576 intae-

674 1611 719 1652 tam
740 1609 758 1662 1,
769 1609 808 1659 93;
829 1605 991 1650 immaculatum
1011 1605 1094 1648 Mariae

675 1692 755 1735 corpus
775 1692 815 1735 per
834 1691 908 1722 aurem
928 1678 1016 1721 intrauit
1036 1677 1055 1719 A
1074 1678 1092 1731 1,

676 1754 719 1809 4ῠ;Ὶ
731 1752 823 1796 ecclesia
837 1751 920 1794 Mariae
936 1749 1055 1793 simillima:
1072 1752 1093 1792 et

676 1826 740 1882 uirgo
753 1827 793 1879 est,
806 1826 829 1867 et
841 1824 897 1879 parit
910 1825 929 1877 1,
942 1824 990 1867 237.

646 1899 730 1941 Mariae
747 1910 797 1952 pars
814 1897 865 1940 ideo
882 1896 964 1951 melior,
982 1895 1033 1951 quia
1048 1908 1093 1938 non

676 1970 774 2013 aufertur
792 1971 825 2024 29,
843 1970 877 2012 47.

646 2043 746 2087 Marthae
757 2042 900 2086 ministerium
911 2053 1050 2097 nequaquam
1061 2054 1093 2084 re-

675 2115 807 2170 prehensum
821 2116 854 2168 29,
865 2115 904 2165 29;
919 2114 987 2156 immo
1001 2112 1037 2156 hic
1048 2122 1095 2155 om*-

675 2188 729 2231 nlno
739 2187 886 2231 necessarium
896 2188 931 2230 est
942 2187 975 2239 29,
986 2186 1025 2236 55;
1035 2185 1094 2227 Mar·

675 2260 726 2303 thae
739 2260 838 2303 oiiicium
850 2259 941 2313 implere
954 2258 972 2301 si
983 2259 1024 2311 uis,
1037 2256 1093 2300 adsit

676 2332 784 2376 modestia
802 2333 824 2375 in
842 2330 993 2385 temperand0,
1011 2330 1093 2372 miseri·

676 2406 751 2449 cordia
763 2406 785 2448 in
798 2403 912 2459 erogando
926 2405 959 2457 29,
974 2404 1021 2446 233.

645 2480 750 2532 martyres
758 2473 1092 2532 propterresurreetionisiidem

675 2550 730 2592 mori
745 2562 790 2592 non
804 2549 922 2591 timuerunt
938 2549 970 2600 12,
985 2549 1023 2598 98;
1037 2559 1092 2589 mar·

644 2611 646 2615 ¹
674 2624 733 2675 tyres
749 2634 835 2676 graece,
851 2620 917 2663 latine
933 2620 1034 2663 dicuntur
1049 2621 1092 2661 tes·

674 2696 707 2736 tes
737 2695 769 2747 19,
782 2695 807 2744 9;
834 2693 926 2746 quisque
955 2691 991 2733 ubi
1020 2691 1094 2745 potest

675 2766 792 2822 praedicet,
811 2767 834 2809 et
851 2767 933 2819 martyr
950 2765 984 2807 est
1003 2764 1035 2816 19,
1054 2764 1092 2814 29;

675 2840 792 2893 martyrum
824 2849 940 2880 commune
971 2836 1092 2889 consilium,

675 2923 791 2954 commune
813 2909 966 2954 commercium
988 2909 1030 2951 hoc
1052 2910 1092 2962 est,

676 2985 815 3026 contemnere
834 2981 948 3036 fugientia,
965 2982 990 3024 ut
1008 2992 1093 3034 perma-

675 3054 750 3097 nentia
766 3054 919 3108 comparentur
934 3053 967 3105 26,
984 3052 1022 3102 15;
1038 3063 1093 3093 mar-

675 3129 746 3180 tyrum
758 3125 858 3169 natalicia
869 3124 975 3168 nataliciis
986 3124 1031 3166 suis
1044 3123 1092 3177 quis

676 3198 756 3241 audeat
772 3199 915 3253 comparare?
932 3198 965 3251 27,
982 3197 1021 3247 38;
1038 3208 1093 3237 mar·

675 3273 733 3325 tyres
762 3283 807 3314 non
835 3282 884 3313 esse
913 3269 1035 3313 haereticos
1059 3270 1092 3322 28,

676 3344 728 3394 2563
742 3344 859 3396 martyrum
873 3340 979 3385 tortitudo
992 3339 1092 3383 Christus

676 3417 710 3470 30,
724 3417 749 3467 33
763 3416 810 3469 ipse
825 3416 847 3458 et
860 3416 978 3469 martyrum
991 3413 1093 3468 princeps

1041 3519 1094 3572 235
