2819 4040
687 287 797 337 Appendix.
818 288 939 328 Tracttllll.

345 411 489 465 tantibus
506 413 537 465 in
553 411 622 466 illis
638 412 762 468 diebus.
780 414 849 468 Ecce
864 412 1070 482 conprehensae
1087 414 1151 466 sunt
1166 411 1202 467 ad
1217 427 1280 481 pas-

345 496 434 549 sionis
451 495 668 563 tribulationem,
684 512 740 550 una
753 497 871 566 lactans,
889 499 944 552 alia
958 512 1125 568 praegnans
1143 494 1279 563 Perpetua

345 582 373 633 et
387 576 533 634 Felicitas:
550 583 578 634 et
595 595 651 635 non
668 583 709 635 eis
726 598 787 649 uae,
805 584 856 637 sed
873 586 1005 652 perpetua
1023 580 1151 635 felicitas,
1175 579 1278 648 Quare,

345 664 466 718 fratres?
481 680 551 732 quae
565 679 649 718 causa
663 664 715 719 lroc
730 665 816 721 fecit?
832 666 975 735 Numquid
989 662 1119 719 mentitus
1134 666 1177 719 est
1190 663 1311 719 domi-oo

345 764 405 814 nuS,
431 750 477 816 qui
500 751 626 817 tempore
649 749 840 804 tribulationis
864 755 987 805 extremo
1011 749 1229 818 praegnantibus
1252 751 1280 802 et

345 832 511 886 lactantibus
526 848 582 886 non
596 833 716 904 gloriam
731 833 782 887 sed
795 836 936 890 ‘miseriam
951 833 1174 905 praenuntiauit?
1187 830 1279 900 llbsit,

344 918 374 969 ut
394 918 498 970 ueritas
518 919 687 971 mentiretur.
709 916 787 981 Quid
808 934 878 989 ergo
898 922 948 987 est,
969 918 1022 972 nisi
1043 917 1107 986 quia
1128 933 1177 985 spe
1197 916 1279 970 buius

345 1001 447 1053 saeculi
458 1003 643 1069 praegnantes
653 1004 768 1069 menteS,
779 1004 807 1055 et
817 1003 923 1057 laetitia
932 1004 1013 1057 buius
1024 1000 1126 1057 saeculi
1136 1000 1278 1068 lactantes,

345 1083 476 1137 dominus
494 1101 555 1138 cum
572 1085 625 1139 hoc
640 1085 745 1139 diceret
762 1086 917 1155 arguebat?
934 1085 1095 1154 Praegnans
1112 1086 1154 1138 est
1172 1084 1279 1138 animus
1286 1104 1310 1141 os

344 1170 453 1222 tumens
468 1170 495 1221 in
509 1185 541 1221 ea
555 1185 624 1236 quae
639 1169 765 1222 nondum
777 1172 865 1238 parta,
879 1172 934 1224 iam
947 1173 1039 1224 tamen
1052 1168 1203 1242 cupiditate
1216 1183 1280 1221 con-

215 1275 312 1310 ourusnn
344 1254 424 1320 cepta
438 1255 513 1318 sunt3
527 1252 632 1306 lactans
646 1255 746 1319 autern,
761 1254 807 1320 qui
821 1254 876 1307 ianr
888 1255 995 1324 gaudio
1009 1242 1189 1322 amplectitur,
1203 1250 1279 1319 quod

192 1324 337 1403 ἳζῖἶξξξζῖξζζξ*
344 1335 534 1390 desiderando
543 1340 715 1405 conceperat.
726 1337 783 1391 Vae
794 1354 862 1405 ergo
873 1341 901 1391 et
912 1337 1128 1406 praegnantibus
1140 1339 1167 1391 et
1178 1337 1279 1389 lactan-

343 1419 429 1473 tibus:
438 1420 487 1480 ,his
500 1420 631 1474 uidelicet
644 1420 791 1488 mentibus
807 1437 877 1492 quae
890 1424 1073 1490 conceperant
1086 1421 1221 1486 dolorem,
1234 1418 1278 1472 his

344 1520 413 1572 quae
424 1507 589 1572 pepererant
598 1507 780 1573 iniquitatem.
789 1504 931 1570 Quoniam
948 1503 1194 1574 concupiscentia
1207 1518 1310 1557 cumin

342 1591 538 1657 conceperit,
562 1592 667 1658 pariet
688 1592 863 1658 peccatum;
887 1593 1049 1658 peccatum
1078 1592 1182 1644 autem
1210 1604 1278 1643 cum

342 1676 593 1727 consummatum
614 1674 726 1741 fuerit,
744 1677 878 1743 generat
898 1677 1038 1728 mortem.
1060 1673 1125 1726 Non
1145 1675 1184 1726 sic
1206 1672 1277 1726 Feli-

341 1758 410 1810 citas
421 1774 586 1826 praegnanS‚
598 1776 648 1812 nec
660 1758 797 1827 Perpetua
808 1759 925 1812 lactans:
937 1775 992 1812 non
1004 1760 1043 1811 sic
1054 1773 1190 1825 supernae
1198 1757 1276 1809 tiliae

344 1841 502 1910 ierusalem,
515 1860 570 1911 spe
581 1844 773 1911 gaudenteS,
787 1846 818 1897 in
830 1843 1045 1898 tribulatione
1058 1843 1227 1911 patientes.
1242 1839 1278 1895 Et

342 1928 434 1979 tamen
454 1929 536 1979 etiam
554 1929 631 1995 ipsae
650 1945 665 1981 a
683 1929 782 1981 timore
801 1928 846 1981 dei
864 1929 1048 1996 conceperunt
1066 1929 1093 1979 et
1111 1927 1277 1994 pepererunt
1285 1942 1309 1980 rs

343 2011 470 2077 spiritum
491 2010 598 2064 salutis.
618 2009 711 2074 Quem
729 2013 893 2079 conceptum
913 2014 940 2065 et
960 2012 1069 2079 parturn
1089 2010 1200 2063 beatum
1220 2025 1276 2062 non

343 2093 481 2160 inpediuit
494 2096 584 2147 earnis
597 2097 692 2148 uterus
706 2097 809 2164 granio,
824 2111 873 2148 nec
887 2095 973 2148 ubera
987 2094 1056 2148 lacte
1069 2093 1216 2161 turgentia.
1230 2091 1276 2145 Ad

336 2177 394 2230 ¹hoc
409 2180 481 2230 enim
495 2181 683 2246 prouenerunt
696 2180 750 2232 ista
764 2181 897 2247 passuris,
912 2195 967 2232 non
981 2180 1011 2232 ut
1024 2180 1098 2230 esset
1110 2176 1184 2230 unde
1198 2176 1276 2229 festi-

343 2277 412 2313 nans
428 2262 464 2314 ad
479 2261 622 2315 Christum
637 2264 745 2316 animus
759 2263 924 2329 tardaretur,
939 2262 989 2315 sed
1003 2264 1033 2315 ut
1047 2263 1120 2315 esset
1135 2260 1210 2329 quod
1225 2275 1276 2328 pro

342 2342 456 2397 Christo
477 2346 630 2399 mirabilius
646 2348 809 2400 uinceretur.
1284 2357 1309 2395 8⁰

403 2431 427 2484 5.
446 2430 510 2484 Non
526 2431 618 2484 defuit
632 2432 752 2498 denique
768 2431 860 2498 homo,
876 2446 926 2484 uas
943 2429 1057 2497 diaboli,
1074 2431 1120 2497 qui
1138 2429 1275 2482 Felicitati

250 2540 284 2579 101,
298 2541 333 2577 152
341 2517 514 2583 parturienti,
532 2517 558 2569 et
574 2516 687 2569 dolores
705 2532 775 2584 quos
794 2515 854 2569 Eua
870 2517 969 2569 meruit
985 2532 1018 2568 ex
1034 2516 1199 2583 propaginis
1207 2511 1218 2585 ΙΙ
1229 2515 1276 2569 de·

341 2600 400 2652 bito
413 2600 592 2667 persoluenti,
606 2601 641 2654 ad
654 2600 875 2653 dissuadendum
887 2602 1046 2668 martyrium
1059 2600 1173 2653 diceret:
1185 2598 1275 2666 ‚Quae

219 2708 302 2738 nunnus
341 2684 428 2737 modo
441 2684 529 2752 doleS,
542 2685 609 2752 quid
621 2685 729 2738 iactura
742 2684 892 2744 es'obiecta
903 2686 1010 2752 bestilo,
1023 2698 1093 2752 quas
1103 2686 1274 2738 contemsisti

207 2764 320 2834 ,ffisstssfgfissffl
340 2783 401 2820 curn
416 2769 573 2821 sacrificare
585 2768 731 2822 noluistiP‘
746 2768 801 2821 Sed
814 2768 863 2821 illa
876 2768 1033 2836 respondit:
1047 2767 1148 2836 ,Nlodo
1162 2783 1214 2836 ego
1228 2785 1274 2835 pa·
1283 2779 1307 2817 85

206 2852 310 2889 ‘lpfflbfffill
340 2854 402 2919 tior,
415 2853 491 2919 quod
502 2854 604 2919 patior:
617 2841 673 2906 illic
683 2856 775 2906 autem
787 2854 858 2906 alius
867 2854 923 2906 erit
932 2855 959 2906 in
970 2870 1022 2920 me,
1034 2854 1080 2921 qui
1091 2854 1212 2921 patietur
1223 2868 1273 2920 pro

340 2953 392 3004 me,
406 2938 470 3004 quia
482 2938 509 2989 et
520 2952 573 3006 ego
586 2954 636 3005 pro
649 2937 698 2991 illo
711 2953 828 3005 passura
840 2936 920 2991 sum.‘
933 2936 960 2991 Ο
972 2950 1137 3005 responsum
1148 2936 1274 2990 habitan-

339 3022 375 3073 tis
389 3020 435 3074 dei
448 3022 475 3073 in
488 3016 593 3089 templo
606 3037 666 3088 suo,
679 3023 706 3074 et
717 3022 830 3075 oracula
842 3022 938 3074 diuina
952 3021 1108 3075 fundentis!
1121 3019 1274 3085 Quomodo

340 3104 507 3172 implebatur
531 3106 606 3172 quod
628 3105 799 3173 praedictum
822 3108 892 3158 erat:
916 3105 986 3159 Non
1009 3106 1091 3159 enirn
1113 3118 1172 3159 u'os
1195 3107 1274 3158 estis

340 3189 391 3255 qui
414 3189 593 3256 loquimini,
616 3190 672 3242 sed
695 3192 830 3258 spiritus
851 3191 954 3257 patris
975 3190 1076 3243 uestri
1099 3189 1152 3257 qui
1174 3190 1306 3256 loqui-oo
1385 3195 1386 3198 ’

338 3276 388 3326 tur
402 3270 430 3323 in
446 3274 552 3327 uobis!
566 3271 718 3337 Quomodo
732 3274 786 3327 sibi
799 3274 896 3327 tribuit
908 3289 1027 3341 poenam
1041 3288 1127 3339 suam,
1141 3272 1182 3325 illi
1195 3271 1275 3326 lorti-

339 3358 464 3411 tudinem
483 3358 573 3411 suam!
591 3357 690 3425 ltllo‘do,
710 3359 806 3425 inquit,
825 3373 878 3426 ego
896 3358 988 3426 patior
1006 3357 1081 3425 quod
1099 3358 1198 3425 patior.
1216 3355 1273 3424 ng-

341 3476 390 3529 198
