2819 4040
617 389 647 430 De
660 390 751 441 symbolo

219 513 320 581 sibilie,
335 530 452 583 magnus
466 515 493 567 in
508 514 624 581 magnis,
640 531 688 569 nee
703 531 804 583 paruus
819 516 846 569 in
862 515 994 580 minimis;
1009 515 1152 582 postremo

218 600 395 667 omnipotens
407 601 450 652 est
460 598 496 652 ad
508 598 636 652 iacienda
648 602 741 653 omnia
753 616 822 668 quae
832 601 926 653 'iacere
936 599 1065 653 uoluerit.
1079 595 1151 651 Nam

187 694 210 732 75
219 698 271 749 ego
284 683 346 736 dico
358 684 460 750 quanta
473 698 528 736 non
541 683 641 749 possit:
654 700 709 737 non
721 686 814 752 potest
826 686 905 750 mori,
918 699 973 737 non
985 684 1151 762 potestfpec·

217 782 287 833 care,
303 782 359 819 non
375 768 468 833 potest
483 767 600 831 mentiriy
616 783 671 820 non
687 770 780 835 potest
795 769 869 833 fallu
885 770 962 821 tanta
977 784 1033 820 non
1048 766 1149 835 potest,

216 848 314 917 quaesi
331 851 425 917 posset,
436 845 446 920 ΙΙ
460 867 515 903 non
530 853 603 902 esset
617 853 803 919 omnipotens.
825 851 939 905 Credite
954 867 1021 919 ergo
1036 852 1063 904 in
1078 865 1149 916 eum,
1169 861 1202 899 rot
1212 862 1236 899 25

217 937 244 986 et
260 934 446 987 confitemini:
466 933 572 987 Corde
590 937 672 987 enim
690 936 833 989 creditur
850 937 889 988 ad
907 937 1075 1002 iustitiam,
1093 951 1148 989 ore

217 1019 319 1071 autem
336 1018 504 1072 confessio
521 1019 562 1071 fit
579 1019 617 1072 ad
635 1021 779 1074 salutem.
805 1020 872 1073 ideo
888 1035 949 1072 eum
966 1020 1147 1085 credideritis

184 1117 209 1154 so
216 1105 328 1169 oportet
346 1105 376 1156 ut
393 1102 592 1170 confiteamini,
612 1105 724 1172 quando
744 1093 902 1172 symbolum
920 1103 1046 1158 redditis.
1072 1103 1148 1157 Acci-

216 1188 272 1254 pite
292 1187 378 1240 modo
397 1188 472 1255 quod
490 1190 616 1255 teneatis,
636 1192 664 1242 et
683 1192 780 1257 postea
800 1189 933 1255 reddatis,
953 1190 980 1240 et
999 1203 1147 1255 numquam

216 1270 428 1325 obliuiscamini.

263 1355 288 1408 3.
302 1353 371 1408 Post
380 1355 431 1408 hoe
443 1355 528 1423 quid?
541 1356 579 1409 Et
590 1358 620 1409 in
634 1356 736 1410 lesum
749 1356 922 1411 Christum.
936 1354 1058 1421 ¹Credo,
1069 1355 1146 1421 dieis,

216 1438 246 1490 in
260 1438 351 1491 deum
365 1442 486 1506 patrem
500 1442 764 1508 omnipotentem,
779 1443 809 1494 et
823 1442 852 1494 in
868 1440 971 1493 iesum
985 1437 1147 1494 Christum

182 1520 306 1574 ssiilium
328 1525 396 1577 eius
414 1526 550 1591 unicum,
570 1526 732 1579 dominum
752 1528 905 1578 nostrum.
930 1522 959 1577 Si
979 1524 1070 1577 filium
1088 1526 1298 1609 uni-{aiffffissuffig

213 1623 283 1674 eum,
301 1624 368 1675 ergo
386 1611 457 1675 patri
476 1609 629 1676 aequalem:
649 1612 672 1663 si
690 1610 783 1663 filium
801 1610 919 1674 unicum,
938 1623 1006 1675 ergo
1023 1608 1207 1661 eiusdemuricus
1223 1621 1296 1663 ,sanator

214 1691 385 1745 substantiae
396 1694 473 1745 cuius
485 1695 526 1746 est
537 1696 625 1760 pater:
639 1696 662 1747 si
675 1693 767 1747 filium
778 1694 897 1759 unicum,
910 1708 978 1759 ergo
990 1694 1048 1745 eius
1060 1694 1146 1745 omni-

213 1777 354 1842 potentiae
368 1779 446 1830 cuius
460 1780 502 1830 est
516 1780 604 1845 pater:
620 1780 644 1830 si
660 1779 752 1831 iiiium
766 1778 886 1843 unicum,
901 1792 969 1844 ergo
983 1777 1055 1844 patri
1070 1792 1147 1830 eoae-

212 1862 328 1913 ternum.
355 1861 418 1914 Hoe
437 1862 464 1914 in
484 1878 521 1928 se,
541 1864 568 1914 et
588 1863 663 1929 apud
683 1878 720 1928 se,
741 1863 769 1914 et
787 1862 862 1928 apud
881 1863 995 1928 patrem.
1029 1859 1146 1928 Propter

180 1956 264 1995 nonos
280 1944 365 2011 quid?
379 1945 414 1997 ad
429 1962 480 1999 nos
495 1946 581 2012 quid?
600 1944 664 2012 Qui
679 1949 773 1999 natus
788 1948 837 1998 est
850 1945 888 1999 de
903 1946 1020 2013 spiritu
1035 1947 1146 1999 saneto

212 2028 242 2079 et
257 2028 383 2094 uirgine
399 2028 510 2082 Maria.
535 2028 603 2082 Ecce
620 2045 673 2097 qua
688 2030 774 2095 uenit,
791 2030 861 2096 quis,
878 2029 914 2081 ad
930 2043 1012 2097 quos:
1029 2044 1077 2096 per
1092 2030 1146 2081 uir-

211 2111 303 2177 ginem
323 2110 452 2178 Mariam,
473 2114 500 2165 in
522 2129 575 2180 qua
596 2115 728 2180 operatus
750 2115 792 2166 est
813 2114 926 2180 spiritus
947 2114 1067 2178 sanetus
1089 2128 1144 2166 non

211 2194 296 2247 homo
312 2197 438 2261 maritus3
455 2198 500 2264 qui
517 2197 680 2250 fecundauit
695 2200 808 2263 castam,
825 2199 852 2250 et
868 2198 990 2250 seruauit
1007 2198 1144 2250 intactam.

211 2277 255 2331 Sic
271 2295 338 2346 ergo
353 2297 434 2333 earne
450 2281 563 2334 indutus
580 2283 622 2334 est
638 2282 769 2335 dominus
786 2281 924 2347 Christus
941 2282 980 2333 sie
996 2281 1086 2333 iaetus
1103 2283 1144 2333 est

178 2362 295 2415 oshomo
315 2364 360 2429 qui
380 2363 446 2416 fecit
465 2364 615 2417 hominem:
639 2365 808 2417 assumendo
829 2364 905 2431 quod
925 2380 980 2417 non
1001 2365 1067 2429 erat,
1087 2380 1142 2416 non

210 2446 354 2511 perdendo
374 2447 534 2513 quoderat.
561 2448 696 2501 Verbum
716 2449 789 2501 enim
808 2464 883 2501 earo
902 2448 1022 2500 iactum
1042 2451 1101 2514 est,
1115 2451 1145 2501 et

210 2530 371 2583 habitauit
390 2533 420 2584 in
439 2533 541 2585 nobis.
567 2532 632 2585 Non
650 2532 771 2586 Verbum
790 2534 817 2584 in
835 2548 945 2585 carnem
963 2547 1074 2585 uersum
1093 2536 1143 2597 est,

213 2613 263 2665 sed
280 2613 400 2667 Verbum
417 2632 531 2668 manens
548 2632 629 2669 corne
647 2619 766 2683 accepta,
784 2616 934 2669 inuisibilis
952 2631 1068 2683 semper,
1087 2616 1143 2669 iac-

209 2699 253 2749 tus
271 2700 313 2750 est
328 2699 448 2752 uisibilis
466 2699 578 2767 quando
595 2700 693 2766 uoluit,
710 2702 738 2754 et
754 2700 891 2753 habitauit
907 2702 935 2752 in
952 2700 1042 2754 nobis.
1065 2699 1143 2767 ,Quid

167 2796 201 2833 roo
209 2783 259 2846 est,
273 2782 300 2833 in
313 2782 414 2836 nobis?
435 2783 465 2837 ln
478 2784 645 2851 hominibus,
660 2784 750 2837 faetus
763 2800 835 2837 unus
848 2801 882 2837 ex
894 2784 1037 2837 bominum
1051 2800 1142 2837 nume·

209 2881 252 2917 ro:
267 2881 337 2919 unus
351 2869 378 2919 et
392 2868 496 2934 unicuS,
511 2870 607 2921 unicus
622 2870 703 2935 patri.
725 2867 815 2921 Nobis
830 2868 917 2936 quid?
939 2867 974 2921 Et
988 2868 1069 2922 nobis
1084 2870 1142 2922 uni·

209 2963 256 3000 cus
275 2948 406 3015 saluator,
424 2966 504 3002 nemo
521 2951 594 3003 enim
612 2953 721 3017 praeter
738 2953 829 3018 ipsum
846 2952 971 3005 saluator
988 2954 1092 3016 noster;
1116 2953 1142 3003 et

208 3031 290 3085 nobis
298 3033 396 3085 unicus
407 3033 573 3100 redemptor,
584 3050 666 3087 nemo
677 3035 750 3087 enim
761 3038 871 3103 praeter
882 3037 972 3103 ipsum
983 3035 1141 3102 redemptor

208 3118 312 3169 noster:
341 3133 396 3169 non
413 3132 489 3183 auro,
507 3133 562 3170 non
581 3120 706 3184 argento,
725 3119 775 3171 sed
793 3120 929 3186 sanguine
947 3135 1006 3173 suo,

165 3219 199 3255 105
266 3202 292 3256 4.
303 3201 381 3269 Ergo
391 3203 460 3269 ipsa,
470 3202 517 3255 ubi
528 3204 613 3269 empti
625 3218 728 3269 sumus
740 3204 798 3256 eius
809 3206 971 3258 commercia
985 3205 1138 3257 uideamus¹

208 3284 280 3339 Cum
305 3287 377 3340 enim
400 3286 502 3340 dictum
526 3288 600 3338 esset
624 3288 652 3339 in
677 3288 815 3354 symbolo,
841 3291 935 3342 natus
959 3289 997 3341 de
1022 3290 1139 3356 spiritu

163 3422 165 3426 ,
207 3372 318 3422 sancto
334 3372 364 3423 et
378 3371 503 3437 uirgine
517 3369 633 3436 Maria,
650 3371 704 3423 iam
720 3371 787 3438 quid
802 3388 854 3438 pro
869 3373 950 3426 nobis
966 3389 1064 3440 passus
1079 3375 1140 3428 est?

207 3452 347 3521 Sequitur:
372 3453 435 3507 Sub
458 3453 574 3508 Pontio
598 3453 707 3508 nuato
730 3456 908 3510 crucifixus
932 3460 962 3511 et
985 3458 1139 3525 sepultus,

208 3593 228 3633 1·
1123 3577 1140 3630 3
