<?xml version="1.0" encoding="UTF-8"?>
<!DOCTYPE html PUBLIC "-//W3C//DTD XHTML 1.0 Transitional//EN"
    "http://www.w3.org/TR/xhtml1/DTD/xhtml1-transitional.dtd">
<html xmlns="http://www.w3.org/1999/xhtml" xml:lang="en" lang="en">
 <head>
  <title>
</title>
<meta http-equiv="Content-Type" content="text/html;charset=utf-8" />
  <meta name='ocr-system' content='tesseract 3.04.00' />
  <meta name='ocr-capabilities' content='ocr_page ocr_carea ocr_par ocr_line ocrx_word'/>
</head>
<body>
  <div class='ocr_page' id='page_1' title='image "MN41725ucmf_2_0081.png"; bbox 0 0 2819 4040; ppageno 0'>
   <div class='ocr_carea' id='block_1_1' title="bbox 546 356 792 399">
    <p class='ocr_par' dir='ltr' id='par_1_1' title="bbox 546 356 792 399">
     <span class='ocr_line' id='line_1_1' title="bbox 546 356 792 399; baseline 0.008 -4"><span class='ocrx_word' id='word_1_1' title='bbox 546 358 569 396; x_wconf 90' lang='lat' dir='ltr'>V.</span> <span class='ocrx_word' id='word_1_2' title='bbox 584 356 614 396; x_wconf 89' lang='lat' dir='ltr'>De</span> <span class='ocrx_word' id='word_1_3' title='bbox 628 360 684 397; x_wconf 89' lang='lat' dir='ltr'>nocte</span> <span class='ocrx_word' id='word_1_4' title='bbox 697 362 763 399; x_wconf 85' lang='lat' dir='ltr'>sancta</span> <span class='ocrx_word' id='word_1_5' title='bbox 774 359 792 398; x_wconf 82' lang='lat'>2.</span> 
     </span>
    </p>
   </div>
   <div class='ocr_carea' id='block_1_2' title="bbox 167 482 1289 3156">
    <p class='ocr_par' dir='ltr' id='par_1_2' title="bbox 167 482 1289 3156">
     <span class='ocr_line' id='line_1_2' title="bbox 173 482 1288 569; baseline 0.003 -36"><span class='ocrx_word' id='word_1_6' title='bbox 173 482 270 549; x_wconf 71' lang='lat' dir='ltr'>nauita,</span> <span class='ocrx_word' id='word_1_7' title='bbox 289 484 327 536; x_wconf 89' lang='lat' dir='ltr'>ita</span> <span class='ocrx_word' id='word_1_8' title='bbox 344 486 386 537; x_wconf 90' lang='lat' dir='ltr'>est</span> <span class='ocrx_word' id='word_1_9' title='bbox 403 484 460 536; x_wconf 90' lang='lat' dir='ltr'>illic</span> <span class='ocrx_word' id='word_1_10' title='bbox 477 484 536 536; x_wconf 90' lang='lat' dir='ltr'>sine</span> <span class='ocrx_word' id='word_1_11' title='bbox 554 484 612 537; x_wconf 82' lang='lat' dir='ltr'>fine</span> <span class='ocrx_word' id='word_1_12' title='bbox 630 488 737 553; x_wconf 80' lang='lat' dir='ltr'>uigilia3</span> <span class='ocrx_word' id='word_1_13' title='bbox 758 504 807 540; x_wconf 92' lang='lat' dir='ltr'>nec</span> <span class='ocrx_word' id='word_1_14' title='bbox 824 487 901 541; x_wconf 92' lang='lat' dir='ltr'>aliud</span> <span class='ocrx_word' id='word_1_15' title='bbox 918 486 956 539; x_wconf 93' lang='lat' dir='ltr'>ibi</span> <span class='ocrx_word' id='word_1_16' title='bbox 974 487 1017 539; x_wconf 93' lang='lat' dir='ltr'>est</span> <span class='ocrx_word' id='word_1_17' title='bbox 1033 485 1136 550; x_wconf 88' lang='lat' dir='ltr'>uiuere,</span> <span class='ocrx_word' id='word_1_18' title='bbox 1145 491 1185 546; x_wconf 21' lang='lat' dir='ltr'>cn-</span> <span class='ocrx_word' id='word_1_19' title='bbox 1196 491 1211 521; x_wconf 72' lang='lat'>¹¹¹</span> <span class='ocrx_word' id='word_1_20' title='bbox 1222 490 1288 569; x_wconf 40' lang='lat' dir='ltr'>{pigna</span> 
     </span>
     <span class='ocr_line' id='line_1_3' title="bbox 206 547 1289 642; baseline -0.005 -23"><span class='ocrx_word' id='word_1_21' title='bbox 206 581 288 633; x_wconf 91' lang='lat' dir='ltr'>quam</span> <span class='ocrx_word' id='word_1_22' title='bbox 302 568 430 634; x_wconf 83' lang='lat' dir='ltr'>uigilare:</span> <span class='ocrx_word' id='word_1_23' title='bbox 452 584 501 620; x_wconf 91' lang='lat' dir='ltr'>nec</span> <span class='ocrx_word' id='word_1_24' title='bbox 516 567 592 620; x_wconf 91' lang='lat' dir='ltr'>aliud</span> <span class='ocrx_word' id='word_1_25' title='bbox 607 571 730 638; x_wconf 81' lang='lat' dir='ltr'>uigilare,</span> <span class='ocrx_word' id='word_1_26' title='bbox 747 587 828 639; x_wconf 88' lang='lat' dir='ltr'>quam</span> <span class='ocrx_word' id='word_1_27' title='bbox 844 573 945 625; x_wconf 90' lang='lat' dir='ltr'>uiuere.</span> <span class='ocrx_word' id='word_1_28' title='bbox 968 570 1029 624; x_wconf 89' lang='lat' dir='ltr'>Nos</span> <span class='ocrx_word' id='word_1_29' title='bbox 1045 571 1137 623; x_wconf 87' lang='lat' dir='ltr'>autem</span> <span class='ocrx_word' id='word_1_30' title='bbox 1145 547 1227 642; x_wconf 60' lang='lat' dir='ltr'>{iiiiii</span> <span class='ocrx_word' id='word_1_31' title='bbox 1243 548 1289 617; x_wconf 65' lang='lat' dir='ltr'>tii?</span> 
     </span>
     <span class='ocr_line' id='line_1_4' title="bbox 205 636 1243 724; baseline 0.003 -21"><span class='ocrx_word' id='word_1_32' title='bbox 205 651 232 702; x_wconf 95' lang='lat' dir='ltr'>in</span> <span class='ocrx_word' id='word_1_33' title='bbox 247 650 299 703; x_wconf 93' lang='lat' dir='ltr'>hoc</span> <span class='ocrx_word' id='word_1_34' title='bbox 312 667 436 718; x_wconf 89' lang='lat' dir='ltr'>corpore,</span> <span class='ocrx_word' id='word_1_35' title='bbox 451 651 527 718; x_wconf 90' lang='lat' dir='ltr'>quod</span> <span class='ocrx_word' id='word_1_36' title='bbox 541 657 723 721; x_wconf 84' lang='lat' dir='ltr'>corrumpitur</span> <span class='ocrx_word' id='word_1_37' title='bbox 736 658 763 708; x_wconf 92' lang='lat' dir='ltr'>et</span> <span class='ocrx_word' id='word_1_38' title='bbox 778 659 913 724; x_wconf 80' lang='lat' dir='ltr'>aggrauat</span> <span class='ocrx_word' id='word_1_39' title='bbox 926 657 1054 723; x_wconf 89' lang='lat' dir='ltr'>animam,</span> <span class='ocrx_word' id='word_1_40' title='bbox 1070 668 1137 723; x_wconf 93' lang='lat' dir='ltr'>quo·</span> <span class='ocrx_word' id='word_1_41' title='bbox 1187 636 1243 665; x_wconf 62' lang='lat'>³¹¹³“⁰&#39;</span> 
     </span>
     <span class='ocr_line' id='line_1_5' title="bbox 205 735 1137 807; baseline 0.004 -21"><span class='ocrx_word' id='word_1_42' title='bbox 205 735 278 786; x_wconf 92' lang='lat' dir='ltr'>niam</span> <span class='ocrx_word' id='word_1_43' title='bbox 297 751 353 787; x_wconf 96' lang='lat' dir='ltr'>non</span> <span class='ocrx_word' id='word_1_44' title='bbox 370 737 490 787; x_wconf 91' lang='lat' dir='ltr'>uiuimus</span> <span class='ocrx_word' id='word_1_45' title='bbox 509 736 562 787; x_wconf 92' lang='lat' dir='ltr'>nisi</span> <span class='ocrx_word' id='word_1_46' title='bbox 580 739 652 790; x_wconf 91' lang='lat' dir='ltr'>uires</span> <span class='ocrx_word' id='word_1_47' title='bbox 670 739 836 792; x_wconf 92' lang='lat' dir='ltr'>dormiendo</span> <span class='ocrx_word' id='word_1_48' title='bbox 854 755 1021 807; x_wconf 68' lang='lat' dir='ltr'>reparemus</span> <span class='ocrx_word' id='word_1_49' title='bbox 1041 738 1137 791; x_wconf 89' lang='lat' dir='ltr'>simili-</span> 
     </span>
     <span class='ocr_line' id='line_1_6' title="bbox 204 818 1137 890; baseline 0.005 -20"><span class='ocrx_word' id='word_1_50' title='bbox 204 818 301 871; x_wconf 81' lang='lat' dir='ltr'>tudine</span> <span class='ocrx_word' id='word_1_51' title='bbox 323 821 421 872; x_wconf 92' lang='lat' dir='ltr'>mortis</span> <span class='ocrx_word' id='word_1_52' title='bbox 442 821 665 887; x_wconf 76' lang='lat' dir='ltr'>interrumpimus</span> <span class='ocrx_word' id='word_1_53' title='bbox 688 824 781 890; x_wconf 86' lang='lat' dir='ltr'>uitam,</span> <span class='ocrx_word' id='word_1_54' title='bbox 804 827 834 878; x_wconf 93' lang='lat' dir='ltr'>ut</span> <span class='ocrx_word' id='word_1_55' title='bbox 856 826 949 877; x_wconf 90' lang='lat' dir='ltr'>uiuere</span> <span class='ocrx_word' id='word_1_56' title='bbox 972 823 1065 876; x_wconf 87' lang='lat' dir='ltr'>saltim</span> <span class='ocrx_word' id='word_1_57' title='bbox 1087 838 1137 890; x_wconf 93' lang='lat' dir='ltr'>per</span> 
     </span>
     <span class='ocr_line' id='line_1_7' title="bbox 172 902 1136 974; baseline 0.005 -21"><span class='ocrx_word' id='word_1_58' title='bbox 172 917 196 954; x_wconf 82' lang='lat'>70</span> <span class='ocrx_word' id='word_1_59' title='bbox 204 902 350 955; x_wconf 88' lang='lat' dir='ltr'>interualla</span> <span class='ocrx_word' id='word_1_60' title='bbox 364 905 513 969; x_wconf 80' lang='lat' dir='ltr'>possimus,</span> <span class='ocrx_word' id='word_1_61' title='bbox 529 902 569 955; x_wconf 77' lang='lat' dir='ltr'>Ac</span> <span class='ocrx_word' id='word_1_62' title='bbox 583 920 631 971; x_wconf 91' lang='lat' dir='ltr'>per</span> <span class='ocrx_word' id='word_1_63' title='bbox 644 906 695 959; x_wconf 89' lang='lat' dir='ltr'>hoc</span> <span class='ocrx_word' id='word_1_64' title='bbox 709 908 833 974; x_wconf 91' lang='lat' dir='ltr'>quisquis</span> <span class='ocrx_word' id='word_1_65' title='bbox 847 911 921 960; x_wconf 91' lang='lat' dir='ltr'>caste</span> <span class='ocrx_word' id='word_1_66' title='bbox 935 910 962 960; x_wconf 92' lang='lat' dir='ltr'>ct</span> <span class='ocrx_word' id='word_1_67' title='bbox 976 909 1136 961; x_wconf 89' lang='lat' dir='ltr'>innocenter</span> 
     </span>
     <span class='ocr_line' id='line_1_8' title="bbox 204 986 1135 1058; baseline 0.006 -21"><span class='ocrx_word' id='word_1_68' title='bbox 204 986 316 1038; x_wconf 85' lang='lat' dir='ltr'>assidue</span> <span class='ocrx_word' id='word_1_69' title='bbox 331 987 417 1040; x_wconf 88' lang='lat' dir='ltr'>utitur</span> <span class='ocrx_word' id='word_1_70' title='bbox 430 987 543 1054; x_wconf 68' lang='lat' dir='ltr'>uigiliis</span> <span class='ocrx_word' id='word_1_71' title='bbox 560 990 720 1056; x_wconf 80' lang='lat' dir='ltr'>angelorum</span> <span class='ocrx_word' id='word_1_72' title='bbox 735 992 821 1043; x_wconf 93' lang='lat' dir='ltr'>uitam</span> <span class='ocrx_word' id='word_1_73' title='bbox 836 991 931 1058; x_wconf 92' lang='lat' dir='ltr'>procul</span> <span class='ocrx_word' id='word_1_74' title='bbox 947 991 1034 1044; x_wconf 92' lang='lat' dir='ltr'>dubio</span> <span class='ocrx_word' id='word_1_75' title='bbox 1050 991 1135 1044; x_wconf 91' lang='lat' dir='ltr'>medi-</span> 
     </span>
     <span class='ocr_line' id='line_1_9' title="bbox 204 1072 1135 1138; baseline 0.006 -16"><span class='ocrx_word' id='word_1_76' title='bbox 204 1072 278 1122; x_wconf 85' lang='lat' dir='ltr'>tatur</span> <span class='ocrx_word' id='word_1_77' title='bbox 293 1101 327 1108; x_wconf 43' lang='lat' dir='ltr'>-m</span> <span class='ocrx_word' id='word_1_78' title='bbox 342 1074 473 1138; x_wconf 89' lang='lat' dir='ltr'>quantum</span> <span class='ocrx_word' id='word_1_79' title='bbox 488 1073 561 1124; x_wconf 92' lang='lat' dir='ltr'>enim</span> <span class='ocrx_word' id='word_1_80' title='bbox 575 1076 664 1127; x_wconf 89' lang='lat' dir='ltr'>carnis</span> <span class='ocrx_word' id='word_1_81' title='bbox 679 1074 760 1127; x_wconf 92' lang='lat' dir='ltr'>huius</span> <span class='ocrx_word' id='word_1_82' title='bbox 776 1074 925 1128; x_wconf 86' lang='lat' dir='ltr'>infirmitas</span> <span class='ocrx_word' id='word_1_83' title='bbox 940 1077 976 1127; x_wconf 89' lang='lat' dir='ltr'>sit</span> <span class='ocrx_word' id='word_1_84' title='bbox 991 1077 1067 1128; x_wconf 91' lang='lat' dir='ltr'>oneri</span> <span class='ocrx_word' id='word_1_85' title='bbox 1082 1078 1135 1128; x_wconf 88' lang='lat' dir='ltr'>ter·</span> 
     </span>
     <span class='ocr_line' id='line_1_10' title="bbox 204 1154 1177 1227; baseline 0.006 -22"><span class='ocrx_word' id='word_1_86' title='bbox 204 1169 279 1220; x_wconf 91' lang='lat' dir='ltr'>reno,</span> <span class='ocrx_word' id='word_1_87' title='bbox 295 1154 425 1207; x_wconf 89' lang='lat' dir='ltr'>caelestia</span> <span class='ocrx_word' id='word_1_88' title='bbox 439 1155 579 1208; x_wconf 89' lang='lat' dir='ltr'>desideria</span> <span class='ocrx_word' id='word_1_89' title='bbox 593 1161 801 1225; x_wconf 81' lang='lat' dir='ltr'>conprimuntur</span> <span class='ocrx_word' id='word_1_90' title='bbox 816 1190 850 1196; x_wconf 91' lang='lat'>—</span> <span class='ocrx_word' id='word_1_91' title='bbox 866 1174 929 1211; x_wconf 88' lang='lat' dir='ltr'>exer</span> <span class='ocrx_word' id='word_1_92' title='bbox 942 1154 947 1227; x_wconf 88' lang='grc' dir='ltr'>Ι</span> <span class='ocrx_word' id='word_1_93' title='bbox 960 1175 1024 1211; x_wconf 91' lang='lat' dir='ltr'>cens</span> <span class='ocrx_word' id='word_1_94' title='bbox 1039 1161 1135 1214; x_wconf 92' lang='lat' dir='ltr'>contra</span> <span class='ocrx_word' id='word_1_95' title='bbox 1142 1174 1177 1211; x_wconf 70' lang='lat' dir='ltr'>rar</span> 
     </span>
     <span class='ocr_line' id='line_1_11' title="bbox 204 1237 1134 1308; baseline 0.005 -19"><span class='ocrx_word' id='word_1_96' title='bbox 204 1237 305 1289; x_wconf 88' lang='lat' dir='ltr'>molem</span> <span class='ocrx_word' id='word_1_97' title='bbox 325 1239 498 1291; x_wconf 85' lang='lat' dir='ltr'>mortiferam</span> <span class='ocrx_word' id='word_1_98' title='bbox 517 1239 688 1294; x_wconf 85' lang='lat' dir='ltr'>diuturniore</span> <span class='ocrx_word' id='word_1_99' title='bbox 707 1242 812 1308; x_wconf 83' lang='lat' dir='ltr'>uigilia,</span> <span class='ocrx_word' id='word_1_100' title='bbox 833 1244 863 1294; x_wconf 91' lang='lat' dir='ltr'>ut</span> <span class='ocrx_word' id='word_1_101' title='bbox 882 1243 906 1294; x_wconf 91' lang='lat' dir='ltr'>ei</span> <span class='ocrx_word' id='word_1_102' title='bbox 927 1243 1052 1295; x_wconf 90' lang='lat' dir='ltr'>meritum</span> <span class='ocrx_word' id='word_1_103' title='bbox 1071 1259 1134 1296; x_wconf 94' lang='lat' dir='ltr'>con·</span> 
     </span>
     <span class='ocr_line' id='line_1_12' title="bbox 172 1323 1134 1393; baseline 0.003 -17"><span class='ocrx_word' id='word_1_104' title='bbox 172 1324 282 1388; x_wconf 74' lang='lat' dir='ltr'>reparet</span> <span class='ocrx_word' id='word_1_105' title='bbox 298 1323 325 1373; x_wconf 95' lang='lat' dir='ltr'>in</span> <span class='ocrx_word' id='word_1_106' title='bbox 342 1324 399 1375; x_wconf 91' lang='lat' dir='ltr'>uita</span> <span class='ocrx_word' id='word_1_107' title='bbox 415 1325 555 1390; x_wconf 86' lang='lat' dir='ltr'>perpetua.</span> <span class='ocrx_word' id='word_1_108' title='bbox 580 1324 676 1392; x_wconf 87' lang='lat' dir='ltr'>Neque</span> <span class='ocrx_word' id='word_1_109' title='bbox 693 1327 765 1378; x_wconf 93' lang='lat' dir='ltr'>enim</span> <span class='ocrx_word' id='word_1_110' title='bbox 782 1325 835 1378; x_wconf 92' lang='lat' dir='ltr'>sibi</span> <span class='ocrx_word' id='word_1_111' title='bbox 852 1328 912 1392; x_wconf 90' lang='lat' dir='ltr'>ipse</span> <span class='ocrx_word' id='word_1_112' title='bbox 928 1329 1070 1392; x_wconf 82' lang='lat' dir='ltr'>consonat,</span> <span class='ocrx_word' id='word_1_113' title='bbox 1088 1327 1134 1393; x_wconf 88' lang='lat' dir='ltr'>qui</span> 
     </span>
     <span class='ocr_line' id='line_1_13' title="bbox 185 1404 1133 1475; baseline 0.006 -19"><span class='ocrx_word' id='word_1_114' title='bbox 185 1404 345 1457; x_wconf 75' lang='lat' dir='ltr'>vdesiderat</span> <span class='ocrx_word' id='word_1_115' title='bbox 368 1422 476 1473; x_wconf 88' lang='lat' dir='ltr'>semper</span> <span class='ocrx_word' id='word_1_116' title='bbox 496 1409 598 1474; x_wconf 90' lang='lat' dir='ltr'>uiuere,</span> <span class='ocrx_word' id='word_1_117' title='bbox 622 1411 649 1461; x_wconf 92' lang='lat' dir='ltr'>et</span> <span class='ocrx_word' id='word_1_118' title='bbox 671 1425 727 1461; x_wconf 94' lang='lat' dir='ltr'>non</span> <span class='ocrx_word' id='word_1_119' title='bbox 751 1411 825 1460; x_wconf 89' lang='lat' dir='ltr'>amat</span> <span class='ocrx_word' id='word_1_120' title='bbox 848 1408 984 1475; x_wconf 88' lang='lat' dir='ltr'>prolixius</span> <span class='ocrx_word' id='word_1_121' title='bbox 1006 1408 1133 1474; x_wconf 82' lang='lat' dir='ltr'>uigilare3</span> 
     </span>
     <span class='ocr_line' id='line_1_14' title="bbox 203 1492 1135 1560; baseline 0.001 -18"><span class='ocrx_word' id='word_1_122' title='bbox 203 1492 318 1543; x_wconf 90' lang='lat' dir='ltr'>mortem</span> <span class='ocrx_word' id='word_1_123' title='bbox 337 1492 397 1543; x_wconf 93' lang='lat' dir='ltr'>uult</span> <span class='ocrx_word' id='word_1_124' title='bbox 414 1493 528 1544; x_wconf 93' lang='lat' dir='ltr'>omnino</span> <span class='ocrx_word' id='word_1_125' title='bbox 548 1508 603 1545; x_wconf 94' lang='lat' dir='ltr'>non</span> <span class='ocrx_word' id='word_1_126' title='bbox 622 1510 691 1560; x_wconf 85' lang='lat' dir='ltr'>esse,</span> <span class='ocrx_word' id='word_1_127' title='bbox 711 1496 738 1545; x_wconf 91' lang='lat' dir='ltr'>et</span> <span class='ocrx_word' id='word_1_128' title='bbox 756 1494 814 1545; x_wconf 92' lang='lat' dir='ltr'>eius</span> <span class='ocrx_word' id='word_1_129' title='bbox 832 1492 983 1559; x_wconf 75' lang='lat' dir='ltr'>¹imaginem</span> <span class='ocrx_word' id='word_1_130' title='bbox 1002 1508 1056 1544; x_wconf 92' lang='lat' dir='ltr'>non</span> <span class='ocrx_word' id='word_1_131' title='bbox 1075 1493 1135 1544; x_wconf 91' lang='lat' dir='ltr'>uult</span> 
     </span>
     <span class='ocr_line' id='line_1_15' title="bbox 203 1573 1134 1644; baseline 0.001 -17"><span class='ocrx_word' id='word_1_132' title='bbox 203 1576 332 1628; x_wconf 90' lang='lat' dir='ltr'>minuere.</span> <span class='ocrx_word' id='word_1_133' title='bbox 361 1573 433 1628; x_wconf 79' lang='lat' dir='ltr'>Haec</span> <span class='ocrx_word' id='word_1_134' title='bbox 446 1591 529 1639; x_wconf 87' lang='lat' dir='ltr'>causa,</span> <span class='ocrx_word' id='word_1_135' title='bbox 542 1575 588 1628; x_wconf 93' lang='lat' dir='ltr'>ista</span> <span class='ocrx_word' id='word_1_136' title='bbox 605 1577 667 1629; x_wconf 86' lang='lat' dir='ltr'>ratio</span> <span class='ocrx_word' id='word_1_137' title='bbox 687 1581 736 1644; x_wconf 89' lang='lat' dir='ltr'>est,</span> <span class='ocrx_word' id='word_1_138' title='bbox 751 1578 840 1631; x_wconf 90' lang='lat' dir='ltr'>curin</span> <span class='ocrx_word' id='word_1_139' title='bbox 854 1577 959 1643; x_wconf 83' lang='lat' dir='ltr'>uigiliis</span> <span class='ocrx_word' id='word_1_140' title='bbox 974 1577 1084 1643; x_wconf 86' lang='lat' dir='ltr'>saepius</span> <span class='ocrx_word' id='word_1_141' title='bbox 1099 1578 1134 1629; x_wconf 89' lang='lat' dir='ltr'>sit</span> 
     </span>
     <span class='ocr_line' id='line_1_16' title="bbox 202 1660 629 1715; baseline 0.009 -4"><span class='ocrx_word' id='word_1_142' title='bbox 202 1675 279 1712; x_wconf 91' lang='lat' dir='ltr'>mens</span> <span class='ocrx_word' id='word_1_143' title='bbox 294 1661 446 1713; x_wconf 87' lang='lat' dir='ltr'>exercenda</span> <span class='ocrx_word' id='word_1_144' title='bbox 460 1660 629 1715; x_wconf 80' lang='lat' dir='ltr'>Christiano</span> 
     </span>
     <span class='ocr_line' id='line_1_17' title="bbox 171 1743 1134 1812; baseline -0.002 -15"><span class='ocrx_word' id='word_1_145' title='bbox 171 1761 195 1797; x_wconf 82' lang='lat' dir='ltr'>so</span> <span class='ocrx_word' id='word_1_146' title='bbox 261 1744 286 1797; x_wconf 82' lang='grc'>4,</span> <span class='ocrx_word' id='word_1_147' title='bbox 306 1743 385 1797; x_wconf 92' lang='lat' dir='ltr'>Nunc</span> <span class='ocrx_word' id='word_1_148' title='bbox 402 1747 464 1811; x_wconf 90' lang='lat' dir='ltr'>iam,</span> <span class='ocrx_word' id='word_1_149' title='bbox 482 1745 591 1811; x_wconf 82' lang='lat' dir='ltr'>fratres,</span> <span class='ocrx_word' id='word_1_150' title='bbox 610 1747 664 1798; x_wconf 90' lang='lat' dir='ltr'>alia</span> <span class='ocrx_word' id='word_1_151' title='bbox 681 1761 776 1812; x_wconf 87' lang='lat' dir='ltr'>pauca,</span> <span class='ocrx_word' id='word_1_152' title='bbox 794 1744 860 1797; x_wconf 92' lang='lat' dir='ltr'>dum</span> <span class='ocrx_word' id='word_1_153' title='bbox 878 1758 1134 1809; x_wconf 65' lang='lat' dir='ltr'>commemoramus</span> 
     </span>
     <span class='ocr_line' id='line_1_18' title="bbox 202 1827 1134 1896; baseline -0.002 -16"><span class='ocrx_word' id='word_1_154' title='bbox 202 1828 338 1880; x_wconf 88' lang='lat' dir='ltr'>aduertite</span> <span class='ocrx_word' id='word_1_155' title='bbox 354 1828 389 1881; x_wconf 93' lang='lat' dir='ltr'>de</span> <span class='ocrx_word' id='word_1_156' title='bbox 406 1829 518 1896; x_wconf 89' lang='lat' dir='ltr'>speciali</span> <span class='ocrx_word' id='word_1_157' title='bbox 535 1831 623 1881; x_wconf 89' lang='lat' dir='ltr'>noctis</span> <span class='ocrx_word' id='word_1_158' title='bbox 640 1830 721 1881; x_wconf 90' lang='lat' dir='ltr'>huius</span> <span class='ocrx_word' id='word_1_159' title='bbox 737 1828 843 1894; x_wconf 83' lang='lat' dir='ltr'>uigilia.</span> <span class='ocrx_word' id='word_1_160' title='bbox 868 1827 979 1880; x_wconf 90' lang='lat' dir='ltr'>Dictum</span> <span class='ocrx_word' id='word_1_161' title='bbox 996 1829 1038 1879; x_wconf 93' lang='lat' dir='ltr'>est</span> <span class='ocrx_word' id='word_1_162' title='bbox 1054 1829 1134 1894; x_wconf 91' lang='lat' dir='ltr'>enim,</span> 
     </span>
     <span class='ocr_line' id='line_1_19' title="bbox 202 1911 1284 1997; baseline -0.001 -33"><span class='ocrx_word' id='word_1_163' title='bbox 202 1927 285 1978; x_wconf 90' lang='lat' dir='ltr'>quare</span> <span class='ocrx_word' id='word_1_164' title='bbox 303 1914 414 1979; x_wconf 88' lang='lat' dir='ltr'>saepius</span> <span class='ocrx_word' id='word_1_165' title='bbox 432 1928 559 1965; x_wconf 91' lang='lat' dir='ltr'>somnum</span> <span class='ocrx_word' id='word_1_166' title='bbox 577 1913 722 1965; x_wconf 87' lang='lat' dir='ltr'>detrahere</span> <span class='ocrx_word' id='word_1_167' title='bbox 740 1914 767 1963; x_wconf 91' lang='lat' dir='ltr'>et</span> <span class='ocrx_word' id='word_1_168' title='bbox 784 1912 896 1978; x_wconf 79' lang='lat' dir='ltr'>uigilias</span> <span class='ocrx_word' id='word_1_169' title='bbox 915 1911 1018 1963; x_wconf 87' lang='lat' dir='ltr'>addere</span> <span class='ocrx_word' id='word_1_170' title='bbox 1035 1911 1284 1997; x_wconf 55' lang='lat' dir='ltr'>debea-ffehartiflipc·</span> 
     </span>
     <span class='ocr_line' id='line_1_20' title="bbox 202 1970 1283 2062; baseline -0.001 -14"><span class='ocrx_word' id='word_1_171' title='bbox 202 2011 273 2048; x_wconf 86' lang='lat' dir='ltr'>mus:</span> <span class='ocrx_word' id='word_1_172' title='bbox 301 2011 372 2048; x_wconf 93' lang='lat' dir='ltr'>nunc</span> <span class='ocrx_word' id='word_1_173' title='bbox 392 2000 482 2049; x_wconf 91' lang='lat' dir='ltr'>autem</span> <span class='ocrx_word' id='word_1_174' title='bbox 503 1997 651 2049; x_wconf 91' lang='lat' dir='ltr'>dicendum</span> <span class='ocrx_word' id='word_1_175' title='bbox 672 1998 722 2062; x_wconf 90' lang='lat' dir='ltr'>est,</span> <span class='ocrx_word' id='word_1_176' title='bbox 743 2011 791 2048; x_wconf 94' lang='lat' dir='ltr'>cur</span> <span class='ocrx_word' id='word_1_177' title='bbox 811 1998 888 2047; x_wconf 86' lang='lat' dir='ltr'>tanta</span> <span class='ocrx_word' id='word_1_178' title='bbox 908 1995 1066 2048; x_wconf 86' lang='lat' dir='ltr'>celebritate</span> <span class='ocrx_word' id='word_1_179' title='bbox 1086 1998 1134 2047; x_wconf 91' lang='lat' dir='ltr'>ho·</span> <span class='ocrx_word' id='word_1_180' title='bbox 1148 1977 1161 1998; x_wconf 65' lang='lat'>¹³</span> <span class='ocrx_word' id='word_1_181' title='bbox 1181 1970 1283 2007; x_wconf 41' lang='lat' dir='ltr'>mmihi</span> 
     </span>
     <span class='ocr_line' id='line_1_21' title="bbox 201 2077 1134 2147; baseline -0.002 -15"><span class='ocrx_word' id='word_1_182' title='bbox 201 2080 297 2132; x_wconf 92' lang='lat' dir='ltr'>dierna</span> <span class='ocrx_word' id='word_1_183' title='bbox 314 2081 490 2146; x_wconf 91' lang='lat' dir='ltr'>potissimum</span> <span class='ocrx_word' id='word_1_184' title='bbox 507 2082 586 2132; x_wconf 86' lang='lat' dir='ltr'>nocte</span> <span class='ocrx_word' id='word_1_185' title='bbox 603 2080 759 2147; x_wconf 80' lang='lat' dir='ltr'>uigilemus.</span> <span class='ocrx_word' id='word_1_186' title='bbox 782 2077 869 2145; x_wconf 82' lang='lat' dir='ltr'>Quod</span> <span class='ocrx_word' id='word_1_187' title='bbox 886 2080 932 2131; x_wconf 91' lang='lat' dir='ltr'>die</span> <span class='ocrx_word' id='word_1_188' title='bbox 948 2079 1030 2144; x_wconf 84' lang='lat' dir='ltr'>tertio</span> <span class='ocrx_word' id='word_1_189' title='bbox 1046 2094 1134 2132; x_wconf 90' lang='lat' dir='ltr'>resur-</span> 
     </span>
     <span class='ocr_line' id='line_1_22' title="bbox 169 2161 1134 2229; baseline -0.004 -10"><span class='ocrx_word' id='word_1_190' title='bbox 169 2161 349 2219; x_wconf 81' lang='lat' dir='ltr'>asrex&lt;cr&gt;it</span> <span class='ocrx_word' id='word_1_191' title='bbox 362 2180 376 2215; x_wconf 90' lang='lat' dir='ltr'>a</span> <span class='ocrx_word' id='word_1_192' title='bbox 389 2162 495 2216; x_wconf 88' lang='lat' dir='ltr'>mortuis</span> <span class='ocrx_word' id='word_1_193' title='bbox 513 2164 643 2217; x_wconf 94' lang='lat' dir='ltr'>dominus</span> <span class='ocrx_word' id='word_1_194' title='bbox 660 2163 798 2229; x_wconf 86' lang='lat' dir='ltr'>Christus,</span> <span class='ocrx_word' id='word_1_195' title='bbox 815 2164 907 2216; x_wconf 87' lang='lat' dir='ltr'>nullus</span> <span class='ocrx_word' id='word_1_196' title='bbox 924 2163 1039 2229; x_wconf 82' lang='lat' dir='ltr'>ambigit</span> <span class='ocrx_word' id='word_1_197' title='bbox 1055 2162 1134 2216; x_wconf 90' lang='lat' dir='ltr'>Chri-</span> 
     </span>
     <span class='ocr_line' id='line_1_23' title="bbox 201 2246 1133 2303; baseline -0.001 -2"><span class='ocrx_word' id='word_1_198' title='bbox 201 2251 315 2302; x_wconf 79' lang='lat' dir='ltr'>stianus</span> <span class='ocrx_word' id='word_1_199' title='bbox 348 2247 405 2301; x_wconf 83' lang='lat' dir='ltr'>Hac</span> <span class='ocrx_word' id='word_1_200' title='bbox 418 2251 502 2301; x_wconf 92' lang='lat' dir='ltr'>autem</span> <span class='ocrx_word' id='word_1_201' title='bbox 520 2249 596 2300; x_wconf 88' lang='lat' dir='ltr'>nocte</span> <span class='ocrx_word' id='word_1_202' title='bbox 606 2246 686 2303; x_wconf 88' lang='lat' dir='ltr'>&lt;boc</span> <span class='ocrx_word' id='word_1_203' title='bbox 698 2246 824 2300; x_wconf 84' lang='lat' dir='ltr'>iactum&gt;</span> <span class='ocrx_word' id='word_1_204' title='bbox 836 2264 897 2301; x_wconf 88' lang='lat' dir='ltr'>esse</span> <span class='ocrx_word' id='word_1_205' title='bbox 912 2251 1036 2300; x_wconf 90' lang='lat' dir='ltr'>sanctum</span> <span class='ocrx_word' id='word_1_206' title='bbox 1052 2263 1133 2301; x_wconf 85' lang='lat' dir='ltr'>euan-</span> 
     </span>
     <span class='ocr_line' id='line_1_24' title="bbox 200 2332 1133 2401; baseline -0.002 -15"><span class='ocrx_word' id='word_1_207' title='bbox 200 2334 304 2401; x_wconf 83' lang='lat' dir='ltr'>gelium</span> <span class='ocrx_word' id='word_1_208' title='bbox 320 2337 498 2387; x_wconf 89' lang='lat' dir='ltr'>contestatur.</span> <span class='ocrx_word' id='word_1_209' title='bbox 521 2334 624 2387; x_wconf 92' lang='lat' dir='ltr'>Totum</span> <span class='ocrx_word' id='word_1_210' title='bbox 642 2335 714 2386; x_wconf 93' lang='lat' dir='ltr'>enim</span> <span class='ocrx_word' id='word_1_211' title='bbox 731 2333 805 2385; x_wconf 89' lang='lat' dir='ltr'>diem</span> <span class='ocrx_word' id='word_1_212' title='bbox 823 2350 838 2385; x_wconf 90' lang='lat' dir='ltr'>a</span> <span class='ocrx_word' id='word_1_213' title='bbox 856 2332 1037 2399; x_wconf 88' lang='lat' dir='ltr'>praecedente</span> <span class='ocrx_word' id='word_1_214' title='bbox 1055 2336 1133 2386; x_wconf 92' lang='lat' dir='ltr'>nocte</span> 
     </span>
     <span class='ocr_line' id='line_1_25' title="bbox 200 2418 1132 2485; baseline -0.002 -15"><span class='ocrx_word' id='word_1_215' title='bbox 200 2420 345 2485; x_wconf 92' lang='lat' dir='ltr'>conputari</span> <span class='ocrx_word' id='word_1_216' title='bbox 361 2435 416 2472; x_wconf 91' lang='lat' dir='ltr'>non</span> <span class='ocrx_word' id='word_1_217' title='bbox 432 2419 546 2471; x_wconf 93' lang='lat' dir='ltr'>dubium</span> <span class='ocrx_word' id='word_1_218' title='bbox 562 2421 615 2471; x_wconf 88' lang='lat' dir='ltr'>est:</span> <span class='ocrx_word' id='word_1_219' title='bbox 638 2436 693 2471; x_wconf 94' lang='lat' dir='ltr'>non</span> <span class='ocrx_word' id='word_1_220' title='bbox 710 2418 860 2471; x_wconf 90' lang='lat' dir='ltr'>secundum</span> <span class='ocrx_word' id='word_1_221' title='bbox 876 2419 983 2470; x_wconf 88' lang='lat' dir='ltr'>dierum</span> <span class='ocrx_word' id='word_1_222' title='bbox 998 2418 1132 2483; x_wconf 88' lang='lat' dir='ltr'>ordinem,</span> 
     </span>
     <span class='ocr_line' id='line_1_26' title="bbox 201 2501 1133 2569; baseline -0.001 -16"><span class='ocrx_word' id='word_1_223' title='bbox 201 2504 246 2569; x_wconf 92' lang='lat' dir='ltr'>qui</span> <span class='ocrx_word' id='word_1_224' title='bbox 258 2505 508 2555; x_wconf 90' lang='lat' dir='ltr'>commemorantur</span> <span class='ocrx_word' id='word_1_225' title='bbox 519 2504 545 2553; x_wconf 94' lang='lat' dir='ltr'>in</span> <span class='ocrx_word' id='word_1_226' title='bbox 558 2501 662 2555; x_wconf 86' lang='lat' dir='ltr'>Genesi</span> <span class='ocrx_word' id='word_1_227' title='bbox 671 2534 704 2539; x_wconf 41' lang='grc' dir='ltr'><strong>ω</strong></span> <span class='ocrx_word' id='word_1_228' title='bbox 713 2518 879 2569; x_wconf 92' lang='lat' dir='ltr'>quamquam</span> <span class='ocrx_word' id='word_1_229' title='bbox 891 2504 918 2554; x_wconf 91' lang='lat' dir='ltr'>et</span> <span class='ocrx_word' id='word_1_230' title='bbox 929 2501 985 2553; x_wconf 93' lang='lat' dir='ltr'>illic</span> <span class='ocrx_word' id='word_1_231' title='bbox 996 2503 1133 2567; x_wconf 89' lang='lat' dir='ltr'>tenebrae,</span> 
     </span>
     <span class='ocr_line' id='line_1_27' title="bbox 168 2586 1133 2654; baseline -0.004 -14"><span class='ocrx_word' id='word_1_232' title='bbox 168 2602 192 2640; x_wconf 84' lang='lat'>90</span> <span class='ocrx_word' id='word_1_233' title='bbox 204 2587 414 2652; x_wconf 82' lang='lat' dir='ltr'>praecesserint3</span> <span class='ocrx_word' id='word_1_234' title='bbox 434 2603 497 2639; x_wconf 90' lang='lat' dir='ltr'>nam</span> <span class='ocrx_word' id='word_1_235' title='bbox 513 2587 665 2639; x_wconf 89' lang='lat' dir='ltr'>tenebrae</span> <span class='ocrx_word' id='word_1_236' title='bbox 681 2589 771 2638; x_wconf 90' lang='lat' dir='ltr'>erant</span> <span class='ocrx_word' id='word_1_237' title='bbox 787 2602 881 2654; x_wconf 91' lang='lat' dir='ltr'>super</span> <span class='ocrx_word' id='word_1_238' title='bbox 898 2586 1057 2653; x_wconf 84' lang='lat' dir='ltr'>abyssum,</span> <span class='ocrx_word' id='word_1_239' title='bbox 1073 2601 1133 2639; x_wconf 94' lang='lat' dir='ltr'>cum</span> 
     </span>
     <span class='ocr_line' id='line_1_28' title="bbox 200 2668 1132 2737; baseline -0.001 -16"><span class='ocrx_word' id='word_1_240' title='bbox 200 2670 283 2722; x_wconf 83' lang='lat' dir='ltr'>dixit</span> <span class='ocrx_word' id='word_1_241' title='bbox 300 2670 390 2737; x_wconf 90' lang='lat' dir='ltr'>deus,</span> <span class='ocrx_word' id='word_1_242' title='bbox 410 2671 481 2723; x_wconf 84' lang='lat' dir='ltr'>Fiat</span> <span class='ocrx_word' id='word_1_243' title='bbox 499 2671 562 2736; x_wconf 74' lang='lat' dir='ltr'>lun,</span> <span class='ocrx_word' id='word_1_244' title='bbox 581 2673 611 2722; x_wconf 91' lang='lat' dir='ltr'>et</span> <span class='ocrx_word' id='word_1_245' title='bbox 629 2671 715 2722; x_wconf 84' lang='lat' dir='ltr'>facta</span> <span class='ocrx_word' id='word_1_246' title='bbox 733 2672 780 2721; x_wconf 90' lang='lat' dir='ltr'>est</span> <span class='ocrx_word' id='word_1_247' title='bbox 798 2669 851 2721; x_wconf 90' lang='lat' dir='ltr'>lux</span> <span class='ocrx_word' id='word_1_248' title='bbox 868 2701 902 2707; x_wconf 89' lang='lat'>—-</span> <span class='ocrx_word' id='word_1_249' title='bbox 920 2670 970 2721; x_wconf 93' lang='lat' dir='ltr'>sed</span> <span class='ocrx_word' id='word_1_250' title='bbox 988 2670 1051 2737; x_wconf 89' lang='lat' dir='ltr'>quia</span> <span class='ocrx_word' id='word_1_251' title='bbox 1069 2668 1132 2721; x_wconf 88' lang='lat' dir='ltr'>illae</span> 
     </span>
     <span class='ocr_line' id='line_1_29' title="bbox 199 2752 1133 2820; baseline 0 -15"><span class='ocrx_word' id='word_1_252' title='bbox 199 2753 513 2812; x_wconf 88' lang='lat' dir='ltr'>tenebrae&lt;non&gt;dum</span> <span class='ocrx_word' id='word_1_253' title='bbox 524 2757 602 2807; x_wconf 90' lang='lat' dir='ltr'>erant</span> <span class='ocrx_word' id='word_1_254' title='bbox 616 2771 679 2820; x_wconf 87' lang='lat' dir='ltr'>nox,</span> <span class='ocrx_word' id='word_1_255' title='bbox 694 2754 817 2806; x_wconf 91' lang='lat' dir='ltr'>nondum</span> <span class='ocrx_word' id='word_1_256' title='bbox 832 2757 910 2806; x_wconf 90' lang='lat' dir='ltr'>erant</span> <span class='ocrx_word' id='word_1_257' title='bbox 923 2754 992 2806; x_wconf 92' lang='lat' dir='ltr'>dies.</span> <span class='ocrx_word' id='word_1_258' title='bbox 1011 2752 1133 2806; x_wconf 89' lang='lat' dir='ltr'>Diuisit</span> 
     </span>
     <span class='ocr_line' id='line_1_30' title="bbox 200 2837 1132 2905; baseline -0.001 -15"><span class='ocrx_word' id='word_1_259' title='bbox 200 2840 301 2905; x_wconf 94' lang='lat' dir='ltr'>quippe</span> <span class='ocrx_word' id='word_1_260' title='bbox 316 2838 394 2890; x_wconf 92' lang='lat' dir='ltr'>deus</span> <span class='ocrx_word' id='word_1_261' title='bbox 409 2841 493 2891; x_wconf 89' lang='lat' dir='ltr'>inter</span> <span class='ocrx_word' id='word_1_262' title='bbox 508 2839 607 2891; x_wconf 88' lang='lat' dir='ltr'>lucem</span> <span class='ocrx_word' id='word_1_263' title='bbox 623 2842 652 2891; x_wconf 90' lang='lat' dir='ltr'>et</span> <span class='ocrx_word' id='word_1_264' title='bbox 666 2838 828 2890; x_wconf 88' lang='lat' dir='ltr'>tenebras:</span> <span class='ocrx_word' id='word_1_265' title='bbox 850 2840 877 2890; x_wconf 90' lang='lat' dir='ltr'>et</span> <span class='ocrx_word' id='word_1_266' title='bbox 891 2839 967 2905; x_wconf 93' lang='lat' dir='ltr'>prius</span> <span class='ocrx_word' id='word_1_267' title='bbox 983 2837 1070 2890; x_wconf 91' lang='lat' dir='ltr'>lucem</span> <span class='ocrx_word' id='word_1_268' title='bbox 1084 2853 1132 2889; x_wconf 93' lang='lat' dir='ltr'>uo-</span> 
     </span>
     <span class='ocr_line' id='line_1_31' title="bbox 198 2921 1131 2989; baseline -0.002 -15"><span class='ocrx_word' id='word_1_269' title='bbox 198 2923 271 2975; x_wconf 88' lang='lat' dir='ltr'>cauit</span> <span class='ocrx_word' id='word_1_270' title='bbox 284 2922 365 2988; x_wconf 90' lang='lat' dir='ltr'>diem,</span> <span class='ocrx_word' id='word_1_271' title='bbox 378 2923 479 2975; x_wconf 91' lang='lat' dir='ltr'>deinde</span> <span class='ocrx_word' id='word_1_272' title='bbox 492 2922 621 2974; x_wconf 90' lang='lat' dir='ltr'>tenebras</span> <span class='ocrx_word' id='word_1_273' title='bbox 634 2924 750 2987; x_wconf 91' lang='lat' dir='ltr'>noctem,</span> <span class='ocrx_word' id='word_1_274' title='bbox 764 2923 791 2974; x_wconf 89' lang='lat' dir='ltr'>et</span> <span class='ocrx_word' id='word_1_275' title='bbox 804 2938 819 2973; x_wconf 90' lang='lat' dir='ltr'>a</span> <span class='ocrx_word' id='word_1_276' title='bbox 832 2922 908 2974; x_wconf 85' lang='lat' dir='ltr'>facta</span> <span class='ocrx_word' id='word_1_277' title='bbox 920 2921 979 2974; x_wconf 89' lang='lat' dir='ltr'>luce</span> <span class='ocrx_word' id='word_1_278' title='bbox 992 2936 1078 2989; x_wconf 91' lang='lat' dir='ltr'>usque</span> <span class='ocrx_word' id='word_1_279' title='bbox 1096 2921 1131 2973; x_wconf 93' lang='lat' dir='ltr'>ad</span> 
     </span>
     <span class='ocr_line' id='line_1_32' title="bbox 167 3004 1131 3061; baseline -0.004 -1"><span class='ocrx_word' id='word_1_280' title='bbox 167 3024 190 3061; x_wconf 75' lang='lat' dir='ltr'>aa</span> <span class='ocrx_word' id='word_1_281' title='bbox 199 3007 315 3059; x_wconf 90' lang='lat' dir='ltr'>alterum</span> <span class='ocrx_word' id='word_1_282' title='bbox 329 3023 408 3059; x_wconf 90' lang='lat' dir='ltr'>mane</span> <span class='ocrx_word' id='word_1_283' title='bbox 421 3010 652 3059; x_wconf 86' lang='lat' dir='ltr'>commemoratus</span> <span class='ocrx_word' id='word_1_284' title='bbox 666 3009 708 3058; x_wconf 92' lang='lat' dir='ltr'>est</span> <span class='ocrx_word' id='word_1_285' title='bbox 722 3006 782 3058; x_wconf 88' lang='lat' dir='ltr'>dies</span> <span class='ocrx_word' id='word_1_286' title='bbox 796 3020 876 3059; x_wconf 82' lang='lat' dir='ltr'>unus,</span> <span class='ocrx_word' id='word_1_287' title='bbox 891 3004 1075 3058; x_wconf 78' lang='lat' dir='ltr'>Manifestum</span> <span class='ocrx_word' id='word_1_288' title='bbox 1090 3008 1131 3057; x_wconf 94' lang='lat' dir='ltr'>est</span> 
     </span>
     <span class='ocr_line' id='line_1_33' title="bbox 199 3087 1283 3156; baseline -0.003 -14"><span class='ocrx_word' id='word_1_289' title='bbox 199 3091 263 3143; x_wconf 93' lang='lat' dir='ltr'>illos</span> <span class='ocrx_word' id='word_1_290' title='bbox 279 3091 339 3142; x_wconf 89' lang='lat' dir='ltr'>dies</span> <span class='ocrx_word' id='word_1_291' title='bbox 354 3107 370 3142; x_wconf 92' lang='lat' dir='ltr'>a</span> <span class='ocrx_word' id='word_1_292' title='bbox 385 3090 443 3142; x_wconf 93' lang='lat' dir='ltr'>luce</span> <span class='ocrx_word' id='word_1_293' title='bbox 457 3091 591 3156; x_wconf 89' lang='lat' dir='ltr'>coepisse,</span> <span class='ocrx_word' id='word_1_294' title='bbox 608 3092 635 3142; x_wconf 88' lang='lat' dir='ltr'>et</span> <span class='ocrx_word' id='word_1_295' title='bbox 649 3091 788 3141; x_wconf 87' lang='lat' dir='ltr'>transacta</span> <span class='ocrx_word' id='word_1_296' title='bbox 803 3091 884 3142; x_wconf 92' lang='lat' dir='ltr'>nocte</span> <span class='ocrx_word' id='word_1_297' title='bbox 898 3104 986 3156; x_wconf 90' lang='lat' dir='ltr'>usque</span> <span class='ocrx_word' id='word_1_298' title='bbox 1001 3087 1036 3141; x_wconf 89' lang='lat' dir='ltr'>ad</span> <span class='ocrx_word' id='word_1_299' title='bbox 1051 3101 1219 3140; x_wconf 70' lang='lat' dir='ltr'>manecumdies</span> <span class='ocrx_word' id='word_1_300' title='bbox 1229 3101 1283 3132; x_wconf 70' lang='lat' dir='ltr'>inee-</span> 
     </span>
    </p>
   </div>
   <div class='ocr_carea' id='block_1_3' title="bbox 1138 3151 1283 3188">
    <p class='ocr_par' dir='ltr' id='par_1_3' title="bbox 1138 3151 1283 3188">
     <span class='ocr_line' id='line_1_34' title="bbox 1138 3151 1283 3188; baseline 0.007 -8"><span class='ocrx_word' id='word_1_301' title='bbox 1138 3151 1170 3181; x_wconf 85' lang='lat' dir='ltr'>nesi</span> <span class='ocrx_word' id='word_1_302' title='bbox 1176 3152 1223 3181; x_wconf 82' lang='lat' dir='ltr'>aiuce</span> <span class='ocrx_word' id='word_1_303' title='bbox 1228 3159 1283 3188; x_wconf 83' lang='lat' dir='ltr'>coepe·</span> 
     </span>
    </p>
   </div>
   <div class='ocr_carea' id='block_1_4' title="bbox 197 3171 1284 3411">
    <p class='ocr_par' dir='ltr' id='par_1_4' title="bbox 197 3171 1284 3411">
     <span class='ocr_line' id='line_1_35' title="bbox 198 3171 1284 3241; baseline -0.008 -15"><span class='ocrx_word' id='word_1_304' title='bbox 198 3174 325 3241; x_wconf 81' lang='lat' dir='ltr'>singulos</span> <span class='ocrx_word' id='word_1_305' title='bbox 341 3175 512 3226; x_wconf 90' lang='lat' dir='ltr'>terminatos.</span> <span class='ocrx_word' id='word_1_306' title='bbox 532 3171 587 3225; x_wconf 89' lang='lat' dir='ltr'>Sed</span> <span class='ocrx_word' id='word_1_307' title='bbox 604 3175 700 3240; x_wconf 89' lang='lat' dir='ltr'>postea</span> <span class='ocrx_word' id='word_1_308' title='bbox 717 3187 799 3238; x_wconf 89' lang='lat' dir='ltr'>quam</span> <span class='ocrx_word' id='word_1_309' title='bbox 816 3175 923 3225; x_wconf 85' lang='lat' dir='ltr'>creatus</span> <span class='ocrx_word' id='word_1_310' title='bbox 940 3172 1023 3223; x_wconf 94' lang='lat' dir='ltr'>homo</span> <span class='ocrx_word' id='word_1_311' title='bbox 1040 3188 1055 3223; x_wconf 90' lang='lat' dir='ltr'>a</span> <span class='ocrx_word' id='word_1_312' title='bbox 1072 3171 1284 3236; x_wconf 51' lang='lat' dir='ltr'>luce,1„„„„„„</span> 
     </span>
     <span class='ocr_line' id='line_1_36' title="bbox 198 3247 1283 3325; baseline -0.009 -16"><span class='ocrx_word' id='word_1_313' title='bbox 198 3259 320 3311; x_wconf 89' lang='lat' dir='ltr'>iustitiae</span> <span class='ocrx_word' id='word_1_314' title='bbox 333 3259 361 3309; x_wconf 94' lang='lat' dir='ltr'>in</span> <span class='ocrx_word' id='word_1_315' title='bbox 374 3258 477 3325; x_wconf 86' lang='lat' dir='ltr'>peccati</span> <span class='ocrx_word' id='word_1_316' title='bbox 490 3256 618 3309; x_wconf 90' lang='lat' dir='ltr'>tenebras</span> <span class='ocrx_word' id='word_1_317' title='bbox 632 3255 790 3321; x_wconf 85' lang='lat' dir='ltr'>decimauit,</span> <span class='ocrx_word' id='word_1_318' title='bbox 806 3273 821 3309; x_wconf 88' lang='lat' dir='ltr'>a</span> <span class='ocrx_word' id='word_1_319' title='bbox 835 3257 935 3323; x_wconf 90' lang='lat' dir='ltr'>quibus</span> <span class='ocrx_word' id='word_1_320' title='bbox 950 3271 1010 3308; x_wconf 90' lang='lat' dir='ltr'>eum</span> <span class='ocrx_word' id='word_1_321' title='bbox 1025 3253 1129 3307; x_wconf 86' lang='lat' dir='ltr'>Christi</span> <span class='ocrx_word' id='word_1_322' title='bbox 1138 3248 1171 3277; x_wconf 50' lang='grc' dir='ltr'>(ΗΕΒ</span> <span class='ocrx_word' id='word_1_323' title='bbox 1189 3256 1198 3277; x_wconf 68' lang='lat'>²</span> <span class='ocrx_word' id='word_1_324' title='bbox 1213 3247 1283 3277; x_wconf 50' lang='lat' dir='ltr'>“mmm</span> 
     </span>
     <span class='ocr_line' id='line_1_37' title="bbox 197 3340 1131 3411; baseline -0.005 -16"><span class='ocrx_word' id='word_1_325' title='bbox 197 3343 287 3411; x_wconf 85' lang='lat' dir='ltr'>gratia</span> <span class='ocrx_word' id='word_1_326' title='bbox 305 3341 441 3407; x_wconf 87' lang='lat' dir='ltr'>liberauit,</span> <span class='ocrx_word' id='word_1_327' title='bbox 459 3340 562 3393; x_wconf 85' lang='lat' dir='ltr'>iactum</span> <span class='ocrx_word' id='word_1_328' title='bbox 580 3342 622 3392; x_wconf 91' lang='lat' dir='ltr'>est</span> <span class='ocrx_word' id='word_1_329' title='bbox 638 3342 668 3392; x_wconf 92' lang='lat' dir='ltr'>ut</span> <span class='ocrx_word' id='word_1_330' title='bbox 685 3354 757 3391; x_wconf 92' lang='lat' dir='ltr'>nunc</span> <span class='ocrx_word' id='word_1_331' title='bbox 774 3340 835 3392; x_wconf 93' lang='lat' dir='ltr'>dies</span> <span class='ocrx_word' id='word_1_332' title='bbox 853 3358 869 3393; x_wconf 92' lang='lat' dir='ltr'>a</span> <span class='ocrx_word' id='word_1_333' title='bbox 885 3340 1012 3392; x_wconf 94' lang='lat' dir='ltr'>noctibus</span> <span class='ocrx_word' id='word_1_334' title='bbox 1029 3354 1131 3406; x_wconf 90' lang='lat' dir='ltr'>conpu-</span> 
     </span>
    </p>
   </div>
   <div class='ocr_carea' id='block_1_5' title="bbox 155 3423 1132 3595">
    <p class='ocr_par' dir='ltr' id='par_1_5' title="bbox 155 3423 1132 3595">
     <span class='ocr_line' id='line_1_38' title="bbox 155 3423 1132 3493; baseline 0.004 -21"><span class='ocrx_word' id='word_1_335' title='bbox 155 3432 190 3472; x_wconf 81' lang='lat'>100</span> <span class='ocrx_word' id='word_1_336' title='bbox 198 3427 299 3492; x_wconf 90' lang='lat' dir='ltr'>temus;</span> <span class='ocrx_word' id='word_1_337' title='bbox 321 3427 385 3493; x_wconf 89' lang='lat' dir='ltr'>quia</span> <span class='ocrx_word' id='word_1_338' title='bbox 403 3442 459 3478; x_wconf 95' lang='lat' dir='ltr'>non</span> <span class='ocrx_word' id='word_1_339' title='bbox 478 3442 493 3477; x_wconf 91' lang='lat' dir='ltr'>a</span> <span class='ocrx_word' id='word_1_340' title='bbox 510 3425 569 3477; x_wconf 89' lang='lat' dir='ltr'>luce</span> <span class='ocrx_word' id='word_1_341' title='bbox 588 3424 624 3477; x_wconf 92' lang='lat' dir='ltr'>ad</span> <span class='ocrx_word' id='word_1_342' title='bbox 641 3424 779 3491; x_wconf 88' lang='lat' dir='ltr'>tenebras,</span> <span class='ocrx_word' id='word_1_343' title='bbox 799 3425 849 3477; x_wconf 90' lang='lat' dir='ltr'>sed</span> <span class='ocrx_word' id='word_1_344' title='bbox 867 3442 882 3477; x_wconf 94' lang='lat' dir='ltr'>a</span> <span class='ocrx_word' id='word_1_345' title='bbox 899 3423 1019 3477; x_wconf 89' lang='lat' dir='ltr'>tenebris</span> <span class='ocrx_word' id='word_1_346' title='bbox 1038 3423 1074 3477; x_wconf 94' lang='lat' dir='ltr'>ad</span> <span class='ocrx_word' id='word_1_347' title='bbox 1092 3424 1132 3476; x_wconf 90' lang='lat' dir='ltr'>lu-</span> 
     </span>
     <span class='ocr_line' id='line_1_39' title="bbox 1097 3543 1128 3595; baseline 0 0"><span class='ocrx_word' id='word_1_348' title='bbox 1097 3543 1128 3595; x_wconf 86' lang='lat'>21</span> 
     </span>
    </p>
   </div>
   <div class='ocr_carea' id='block_1_6' title="bbox 1156 3298 1261 3334">
    <p class='ocr_par' dir='ltr' id='par_1_6' title="bbox 1156 3298 1261 3334">
     <span class='ocr_line' id='line_1_40' title="bbox 1156 3298 1261 3334; baseline -0.01 -8"><span class='ocrx_word' id='word_1_349' title='bbox 1156 3298 1261 3334; x_wconf 83' lang='lat' dir='ltr'>conputamus.</span> 
     </span>
    </p>
   </div>
   <div class='ocr_carea' id='block_1_7' title="bbox 0 0 1414 4040">
    <p class='ocr_par' dir='ltr' id='par_1_7' title="bbox 0 0 1414 4040">
     <span class='ocr_line' id='line_1_41' title="bbox 0 0 1414 4040; baseline 0 4"><span class='ocrx_word' id='word_1_350' title='bbox 0 0 1414 4040; x_wconf 95' lang='lat' dir='ltr'> </span> 
     </span>
    </p>
   </div>
  </div>
 </body>
</html>
