2819 4040
699 303 809 352 Appendix.
830 302 932 342 TractiV.

351 428 477 481 homines
496 429 595 497 dicere,
616 427 710 482 Pater
728 433 850 498 noster,
869 430 972 498 quies
991 427 1148 481 incaelis.
1173 425 1285 495 Septem

352 514 497 565 sententiis
521 512 565 566 uel
588 512 770 580 petitionibus
793 514 948 567 continetur
971 511 1111 565 dominica
1134 512 1233 579 oratio,
1257 512 1285 564 in

352 596 452 663 quibus
468 599 525 650 tres
542 598 720 650 inueniuntur
736 598 872 664 pertinere
889 596 925 651 ad
941 595 1033 662 deum,
1050 598 1169 663 quatuor
1185 594 1221 648 ad
1237 594 1285 649 ho-

350 681 448 733 mines
461 679 691 733 Sanctificetur
702 681 775 733 enirn
788 698 901 735 nomen
912 684 998 738 tutum
1011 679 1078 732 dum
1090 679 1208 732 dicimus
1219 679 1283 746 deo,

352 764 514 817 Adueniet
531 779 663 832 regnum
679 766 767 817 tuum
781 762 849 819 dum
867 766 983 819 dicimus
1001 762 1064 829 deo,
1084 762 1156 816 Fiat
1172 762 1318 816 uolun-ao

209 865 328 895 oratonnnes
352 850 401 901 tas
419 850 473 901 tua
490 850 573 903 sicut
590 850 621 902 in
639 849 730 902 caelo
748 850 779 902 et
797 850 827 902 in
845 852 930 904 terra
948 848 1015 902 dum
1031 846 1149 900 dicimus
1168 847 1230 913 deo,
1249 845 1287 899 ad·

197 913 342 999 Dffltffitffp,
352 931 478 984 homines
503 932 558 985 ista
579 932 678 986 referri
702 948 758 984 non
783 936 909 1000 possunt,
934 931 1059 1001 quamuis
1083 931 1137 983 ista
1159 929 1286 983 homines

219 1010 320 1088 iffi?
352 1017 445 1082 petere
460 1015 616 1069 uideantur.
639 1015 691 1069 ilia
705 1031 772 1069 uero
788 1019 914 1085 quatuor,
931 1015 1048 1070 P-anem'
1061 1018 1206 1068 nostrum
1220 1016 1286 1068 cot-

351 1099 509 1152 tidianum
521 1099 562 1153 da
574 1098 668 1153 nobis
681 1099 790 1167 hodie,
804 1102 834 1154 et
846 1101 974 1155 dimitte
986 1099 1080 1154 nobis
1093 1098 1204 1152 debita
1216 1114 1286 1152 nos-

350 1184 399 1235 tra
421 1184 503 1235 sicut
523 1184 552 1236 et
573 1196 631 1236 nos
652 1182 847 1237 dimittimus
866 1184 1073 1239 debitoribus
1094 1183 1227 1249 nostrie,
1248 1196 1317 1235 nera

351 1282 409 1319 nos
428 1282 543 1334 passus
561 1267 663 1320 tueris
682 1268 791 1320 induci
809 1268 840 1320 in
857 1270 1090 1334 temtationem,
1109 1266 1165 1320 sed
1182 1266 1285 1319 libera

351 1366 409 1403 nos
432 1350 556 1417 amalo,
577 1350 643 1404 haec
664 1351 823 1404 hominibus
836 1354 997 1419 conpetunt
1017 1351 1061 1404 his
1082 1349 1284 1418 indigentibus:

350 1449 431 1501 pane,
445 1435 609 1487 remissione
622 1436 804 1502 peccatorum,
818 1451 852 1488 ne
866 1435 1032 1492 inducantur
1045 1436 1073 1488 in
1086 1434 1284 1501 temtationem,

350 1517 401 1570 sed
420 1516 571 1572 liberentur
589 1535 605 1572 a
623 1519 705 1572 malo,
723 1518 790 1571 Tria
808 1518 856 1572 illa
875 1521 1019 1587 superiora
1037 1519 1182 1584 aduertite,
1199 1517 1283 1570 dilec-

350 1603 460 1669 tissimi,
482 1618 563 1670 quem
584 1603 619 1656 ad
640 1603 753 1658 modum
774 1605 904 1671 petantur
922 1620 940 1656 >a
954 1604 1016 1670 deo,
1037 1602 1082 1656 uel
1104 1602 1317 1670 adsignenturao

350 1686 405 1739 deo
410 1704 417 1752 ;
431 1688 563 1754 quianon
575 1686 688 1740 cadens
701 1687 823 1754 exigeret
835 1704 851 1740 a
864 1687 954 1754 nobis,
967 1687 1024 1740 nisi
1031 1687 1117 1740 'etiam
1130 1686 1191 1753 ipsa
1203 1687 1285 1738 sciret

305 1786 338 1825 35v
352 1771 379 1822 et
392 1769 474 1823 nobis
487 1786 571 1837 posse
583 1772 737 1837 conpetere.
751 1766 756 1839 Ι
769 1768 870 1828 Rectus
883 1771 975 1837 itaque
987 1768 1059 1822 ordo
1072 1770 1131 1836 ipse
1144 1768 1284 1836 poscebat,

350 1855 381 1905 ut
403 1854 430 1905 in
450 1853 539 1905 tribus
561 1852 752 1920 superioribus
774 1853 917 1906 sententiis
939 1852 1008 1906 deus
1030 1851 1200 1917 laudaretur3
1220 1854 1285 1905 tunc

350 1936 462 1988 demum
491 1937 518 1989 in
546 1938 608 1989 istis
636 1937 781 1991 sententiis
809 1936 915 2005 aliquid
943 1936 1034 1990 adeo
1062 1936 1099 1989 ab
1125 1935 1284 1989 hominibus

351 2022 497 2087 peteretur.
1291 2041 1316 2079 ss

409 2117 435 2169 3.
456 2116 529 2169 Nam
548 2116 637 2184 qualis
656 2119 699 2171 est
718 2120 814 2171 nostra
833 2119 939 2185 petitio,
956 2119 988 2170 ut
1007 2132 1058 2170 nos
1078 2116 1201 2169 dicamus
1219 2116 1283 2184 deo,

352 2198 818 2268 Sanctificeturnomentuum,
835 2203 911 2254 cuius
923 2217 1024 2254 nomen
1035 2202 1078 2253 est
1089 2216 1198 2268 semper
1209 2216 1285 2253 sanc·

349 2286 416 2350 turn,
440 2285 503 2352 ipso
526 2285 635 2339 dicente
658 2301 706 2353 per
729 2285 904 2353 prophetam:
927 2284 1075 2338 Sanctum
1098 2287 1146 2338 est
1165 2298 1285 2336 nomen

352 2385 451 2422 meum
465 2370 681 2437 ingentibus?
699 2368 755 2423 Sed
769 2370 834 2423 dum
848 2371 987 2438 poscimus
1000 2368 1169 2423 sanctificari
1183 2385 1284 2423 nomen

351 2452 406 2518 dei,
424 2469 476 2505 nos
493 2453 661 2524 sanctificari
677 2454 806 2506 uolumus
823 2455 851 2506 in
868 2455 979 2507 nomine
993 2453 1049 2507 dei.
1073 2451 1316 2507 sanctificamurau

352 2538 443 2588 autem
463 2535 496 2588 ab
514 2536 572 2604 illo,
591 2537 657 2589 dum
675 2536 757 2589 nobis
775 2538 919 2605 promittit,
936 2536 1044 2590 dicens:
1062 2535 1284 2591 Sanctificabo

201 2615 336 2687 ,ussffissffittffi'ei
351 2636 420 2686 uos,
432 2622 463 2673 et
472 2619 656 2687 possideam
665 2636 736 2687 nos,
747 2621 838 2688 quasi
849 2620 1001 2688 populum
1011 2622 1162 2676 sanctum.
1178 2618 1284 2688 Magna

265 2759 279 2780 m
351 2705 510 2771 promissio,
527 2706 557 2756 ut
572 2720 623 2757 nos
640 2703 804 2770 sanctificet,
821 2706 867 2771 qui
884 2720 935 2757 nos
951 2704 1057 2757 inuenit
1072 2705 1240 2771 inquinatos
1257 2706 1284 2757 et

350 2790 441 2857 gratia
453 2804 503 2841 sua
514 2787 581 2841 tacit
592 2788 721 2844 mundos.
740 2787 769 2841 Si
782 2788 970 2841 sanctificatur
982 2790 1009 2841 in
1022 2788 1106 2841 nobis
1117 2804 1217 2842 nomen
1229 2788 1283 2855 dei,

350 2873 390 2924 sic
412 2867 547 2938 uiuamus,
569 2871 750 2939 dilectissimi,
772 2874 803 2925 ut
824 2873 923 2925 uiuunt
944 2872 998 2925 tilii
1020 2871 1077 2925 dei:
1100 2887 1188 2940 neque
1211 2873 1313 2928 enimn

350 2955 428 3009 aliud
441 2955 525 3009 debet
537 2957 654 3009 inueniri
667 2958 695 3009 in
709 2959 805 3010 nostra
819 2956 1004 3023 professione,
1018 2958 1045 3009 et
1059 2955 1136 3008 aliud
1149 2956 1284 3009 debemus

350 3040 499 3093 ostendere
516 3056 549 3092 ex
563 3042 659 3093 nostra
674 3041 894 3094 conuersatione.
917 3039 962 3093 Sic
976 3041 1071 3106 uiuite,
1087 3042 1117 3092 ut
1132 3039 1283 3093 uiuendum

349 3126 402 3177 est:
415 3126 445 3177 ut
456 3125 517 3176 sitis
529 3125 625 3190 sancti,
637 3125 683 3192 qui
694 3125 788 3192 petitis
800 3124 968 3177 sanctificari
980 3124 1007 3177 in
1019 3124 1101 3177 uobis
1113 3139 1214 3177 nomen
1228 3124 1281 3177 dei.

350 3207 422 3261 Nam
435 3209 459 3260 si
471 3207 552 3261 aliter
563 3210 658 3276 oratis,
672 3208 751 3261 aliter
762 3209 866 3275 uiuitis,
878 3224 934 3262 non
946 3207 1129 3275 respondebit
1141 3207 1187 3260 ille
1200 3207 1283 3260 iudex

348 3294 458 3345 uestrae
479 3292 619 3359 petitioni:
640 3293 770 3360 quoniam
791 3307 842 3346 uos
864 3293 892 3345 in
912 3292 1039 3360 precibus
1059 3292 1203 3359 cognoscit
1223 3293 1313 3359 ipsese

349 3377 466 3429 mentiri.
485 3375 520 3430 Et
536 3377 559 3428 si
575 3376 645 3429 tales
660 3377 797 3430 inuenerit
811 3375 867 3444 iile,
882 3377 959 3429 cuius
975 3377 1002 3429 in
1017 3375 1199 3444 consequenti
1214 3377 1283 3444 peti·

349 3494 399 3546 182
