2819 4040
512 344 542 383 De
555 345 642 394 tempore
655 344 757 384 barbarico

167 467 261 518 carent
272 480 353 519 ouem
363 468 499 534 perditam
509 469 545 523 de
555 486 603 524 ore
615 471 703 525 leonis
714 472 828 539 eripere,
839 470 983 538 dragmam
995 467 1022 520 in
1034 468 1102 530 ster-

167 564 231 601 core
250 549 404 604 latitantem
422 552 524 607 lumine
541 556 667 609 ueritatis
686 557 831 623 inquirere,
851 554 942 608 tilium
961 551 1101 622 perditum

168 634 354 701 paenitentem
371 638 519 705 suscipere,
536 638 649 706 hortari,
667 656 787 707 monere,
806 639 954 706 increpare,
972 651 1100 705 arguere;

135 731 160 770 ao
168 733 238 786 quae
251 720 278 771 et
291 713 350 786 ipse
363 720 494 774 dominus
508 722 582 790 tecit,
596 726 623 777 et
635 741 686 778 nos
700 740 748 792 per
761 723 913 791 discipulos
927 738 993 777 suos
1008 722 1100 775 iacere

167 801 270 855 docuit.
289 801 486 860 Faci<a>mus
503 806 594 873 itaque
612 808 687 875 quod
703 808 833 862 dominus
850 807 933 874 iubet,
951 824 1006 861 non
1023 804 1100 874 quod

167 901 264 939 seruus
280 887 369 940 malus
385 886 448 941 lieri
463 890 551 942 timet:
568 891 691 945 dicamus
707 908 776 958 quae
790 891 908 945 dicenda
924 894 995 944 sunt.
1019 890 1099 944 Nunc

167 971 213 1038 qui
232 972 335 1039 corrigi
353 971 460 1038 uolunt,
481 974 595 1027 audiant
614 975 820 1041 admonentem3
841 976 886 1043 qui
905 991 972 1028 uero
992 977 1020 1027 in
1040 975 1098 1028 suis

167 1054 247 1108 malis
262 1057 423 1123 persistunt,
438 1057 552 1111 audiant
566 1061 760 1127 increpantem.

134 1156 158 1193 25
225 1144 251 1196 2.
274 1143 330 1197 Ubi
350 1145 422 1212 sunt,
444 1146 544 1212 quibus
565 1163 665 1215 magna
686 1149 778 1215 posita
799 1163 862 1214 spes
883 1147 917 1200 ab
938 1146 1097 1200 hominibus

166 1227 240 1281 fuit?
253 1226 420 1281 Contemtus
433 1231 475 1282 est
488 1230 534 1283 ille
547 1234 654 1284 creator
666 1234 693 1284 et
706 1231 794 1297 diueS,
808 1232 854 1298 qui
867 1232 960 1283 omnia
972 1231 1096 1284 dederat.

167 1310 223 1364 Ubi
242 1313 307 1364 sunt
324 1312 491 1367 facultates?
509 1315 556 1367 ubi
576 1316 691 1369 aurum?
708 1315 756 1368 ubi
774 1315 937 1382 argentum?
954 1315 1001 1367 ubi
1021 1331 1097 1383 prae·

165 1396 232 1449 dia?
249 1395 351 1450 Nonne
367 1396 431 1450 ideo
446 1399 540 1451 omnia
556 1401 703 1466 perierunt,
721 1400 852 1467 quoniam
868 1399 967 1451 auertit
983 1416 999 1451 a
1015 1399 1096 1451 nobis
1122 1428 1230 1459 „flumas

165 1479 212 1532 ille
229 1478 328 1533 faciem
343 1496 429 1548 suam
446 1481 481 1534 de
497 1498 552 1549 quo
565 1482 634 1535 dicit
648 1482 792 1553 propheta,
808 1480 966 1534 Auertisti
982 1482 1096 1535 taciem
1110 1477 1165 1557 “lffi
1174 1477 1241 1556 2b¹¹⁰2¹⁵¹

133 1526 1247 1654 aotuam,etfactussumconurbaus?lluerttanobisiaciem³11rt1¹1÷pr³⁵abfaetoiem

164 1664 251 1715 suam,
264 1665 325 1702 cum
337 1650 372 1703 ab
384 1665 418 1704 eo
432 1652 581 1704 auertimus
594 1666 645 1704 nos
658 1651 758 1703 taciem
770 1652 902 1703 nostram.
916 1649 1042 1717 largitus
1055 1633 1147 1702 est

164 1733 291 1800 plurima,
304 1736 331 1787 et
341 1736 496 1788 contemtus
508 1737 561 1788 est.
574 1735 616 1788 dit
617 1737 675 1788 auit
663 1735 797 1800 tmultos,
810 1736 837 1787 et
825 1732 918 1786 tab
895 1748 934 1786 ers
947 1748 1015 1799 quos
1027 1733 1096 1787 dita-

163 1818 204 1870 uit
220 1816 430 1885 blasphematus
448 1820 501 1872 est:
519 1819 651 1872 sustinuit
669 1834 766 1871 seruos
784 1817 879 1883 duros,
897 1833 930 1870 ne
948 1816 1021 1870 torte
1039 1833 1096 1870 cor-

163 1903 254 1955 rectos
269 1904 421 1970 susciperet
435 1903 521 1957 filios.
538 1901 609 1965 Quis
624 1905 697 1956 enim
712 1918 763 1970 pro
777 1903 862 1956 tantis
877 1900 1022 1954 beneficiis
1037 1902 1096 1968 dig-

131 2003 155 2040 35
164 2002 214 2039 nas
234 1987 259 2039 ei
278 1988 383 2056 gratias
404 1988 468 2054 egit,
489 2003 521 2040 ac
540 2002 596 2040 non
616 1988 710 2055 potius
730 1986 816 2040 multa
837 1985 964 2053 largienti
984 1986 1096 2052 insuper

163 2069 327 2124 insultauit?
341 2069 464 2134 Quando
479 2071 526 2124 ille
541 2087 592 2124 suo
607 2074 731 2139 tempore
746 2071 838 2138 largas
853 2070 970 2137 pluuias
985 2070 1096 2137 quando

163 2170 244 2207 auras
252 2154 387 2221 salubres
396 2154 508 2222 quando
521 2157 667 2211 ae<s>tus
678 2155 769 2222 utiles,
778 2153 890 2221 quando
902 2153 1008 2207 fertiles
1020 2169 1095 2221 sege-

162 2241 213 2305 tes,
230 2239 289 2291 siue
304 2238 459 2306 quibusque
475 2240 648 2306 temporibus
664 2240 840 2306 conpetentia
855 2238 949 2305 largiri
965 2238 1095 2305 dignatus

163 2324 213 2389 est,
229 2324 290 2389 quis
304 2322 418 2375 domum
433 2323 491 2375 eius
506 2322 713 2389 frequentauit?
727 2323 789 2389 quis
803 2323 827 2375 ei
842 2337 893 2389 pro
906 2322 990 2375 tantis
1004 2336 1095 2374 nrune-

131 2420 155 2457 ro
162 2406 238 2459 ribus
254 2407 354 2473 dignas
368 2408 473 2474 gratias
488 2406 564 2474 egit?
580 2406 680 2459 Nonne
694 2408 759 2459 tunc
773 2406 868 2459 fluxus
884 2408 965 2473 atque
979 2405 1094 2471 desidia,

162 2490 283 2543 obscena
303 2490 468 2557 spectacula,
486 2491 648 2557 turpissima
667 2491 804 2556 conuiuia,
825 2490 933 2557 aliaque
953 2489 1095 2543 licentiosa

162 2575 292 2642 nequitia,
307 2589 377 2641 quae
390 2590 442 2627 nos
456 2574 542 2641 pudet
555 2574 654 2640 dicere,
669 2574 719 2627 sed
732 2574 821 2628 malos
836 2590 891 2627 non
905 2573 991 2641 pudet
1005 2590 1093 2642 agere,

162 2660 201 2712 ita
213 2661 449 2726 perstrepuerunt,
462 2661 493 2711 ut
506 2660 564 2711 iure
579 2661 704 2726 iusteque
719 2660 850 2712 auerterit
863 2659 932 2712 deus
947 2658 1045 2712 faciem
1060 2659 1094 2712 ab

161 2744 210 2809 eb,
233 2744 278 2809 qui
299 2742 333 2794 ab
355 2758 388 2795 eo
410 2744 568 2796 auerterunt
589 2742 675 2795 facies
696 2743 780 2796 suas?
800 2742 911 2795 Tales'
905 2744 1026 2810 increpat
1046 2758 1094 2811 per

130 2827 335 2894 raproplretam,
349 2827 455 2880 dicens:
469 2826 649 2880 Posuerunt
638 2829 770 2894 t,inquit,
784 2830 953 2881 contrame
966 2828 1094 2880 dorsum

161 2912 492 2979 suum,etnoniacres
505 2928 587 2967 suas
605 2907 826 2981 lEtttdeauhus
839 2913 942 2966 dicum
955 2915 996 2966 es
997 2895 1093 2978 Quo-
1103 2933 1147 2970 ιιι

161 2998 244 3049 niam
261 3012 362 3063 pones
380 3012 434 3049 eos
452 2997 594 3063 dorsum;
612 3013 667 3050 non
685 2998 758 3050 enim
775 2997 854 3065 digni
872 2999 943 3062 sunt,
962 2998 1008 3049 aut
1024 2996 1093 3049 tales

161 3083 346 3149 inueniuntur,
359 3083 394 3147 de
406 3083 506 3150 quibus
517 3083 585 3136 dicit
597 3082 752 3150 apostolus,
765 3082 831 3136 Nos
844 3086 946 3136 autem
959 3081 1041 3134 facie
1054 3081 1094 3134 ad

161 3166 275 3220 faciem
289 3166 427 3236 gloriam
441 3167 563 3220 domini
577 3166 791 3235 speculantes
808 3167 903 3220 Facies
917 3166 1031 3231 domini,
1046 3166 1094 3218 nri-

128 3251 323 3305 susericordia:
343 3251 412 3303 hanc
430 3252 571 3304 auertite
531 3252 763 3320 ‚etsuperuenit
782 3252 810 3304 in
829 3251 935 3304 nobis'
928 3266 976 3304 rra
998 3249 1093 3303 Facies

160 3335 276 3401 domini,
296 3334 383 3387 salus:
401 3333 471 3387 hanc
487 3336 597 3401 auertit,
617 3336 644 3387 et
662 3350 762 3401 super
763 3350 815 3388 nos
833 3336 951 3388 omnist
940 3333 1092 3387 tribulatio

162 3418 258 3472 Facies
272 3418 388 3486 domini,
402 3433 538 3472 summum
551 3418 666 3473 bonum:
681 3418 751 3472 hanc
765 3419 872 3485 auertit,
886 3420 912 3472 et
926 3418 1028 3471 inuasit
1041 3433 1093 3471 nos

1036 3537 1087 3592 201
