2819 4040
442 320 483 357 xii.
496 318 526 356 De
540 319 595 357 tertia
608 318 656 358 teria
669 319 756 359 Paschae
769 322 786 359 2.

116 444 212 509 asquia
230 445 323 497 uiuere
341 444 479 510 uolumus,
498 446 525 496 et
542 446 611 497 mori
628 448 760 514 cogimur.
786 445 884 500 Nescis
903 443 979 514 quod
997 443 1081 497 homo

148 527 264 593 quilibet
284 546 339 583 non
360 530 453 596 potest
473 544 581 595 semper
599 531 723 598 uigilare,
744 531 794 584 sed
813 531 874 584 uult
893 532 920 583 et
939 526 1081 582 dormire?

149 611 213 665 Non
236 616 279 666 est
300 616 396 667 contra
418 612 590 666 uoluntatem
611 615 698 681 ipsius
721 615 797 683 quod
820 614 934 668 dormit:
962 611 1081 681 uigilare

148 712 257 764 semper
275 714 331 751 non
349 699 454 765 potest;
476 696 526 749 sed
545 698 608 764 quia
625 700 685 753 uult
702 703 730 753 et
748 701 878 754 dormire.
904 698 968 753 Non
987 704 1080 751 tamen

148 782 241 847 potest
261 797 322 834 esse
341 781 434 847 homo,
455 782 508 834 nisi
529 783 556 834 et
574 784 689 850 uigilare
709 786 737 837 et
756 784 886 837 dormire.
908 783 1023 836 Venitur
1043 779 1080 834 ad

116 866 242 932 auium,
256 868 283 918 et
296 867 387 918 omnis
401 865 485 919 homo
498 867 573 933 dicit,
586 867 685 922 Viuere
698 869 773 935 uolo,
788 871 815 922 et
829 884 909 921 nemo
923 868 983 920 uult
996 868 1079 930 mori;

148 951 253 1002 etcum
271 966 352 1003 nemo
371 951 439 1003 uelit
456 952 534 1016 mori,
553 953 704 1020 inpingitur
722 954 800 1006 mori.
826 950 968 1014 Quantum
986 952 1079 1018 potest

149 1034 214 1100 agit,
228 1033 575 1102 manducandosbibendq
588 1037 762 1103 dormiendo,
775 1036 829 1090 sibi
841 1035 915 1089 unde
927 1036 1004 1089 uiuat
1016 1051 1079 1103 pro·

147 1113 287 1184 uidend0‚¹
297 1119 466 1185 nauigand0,
483 1119 658 1188 ambulando,
674 1121 820 1186 currendo,
836 1120 969 1186 canende,
985 1122 1078 1172 uiuere

147 1201 216 1255 uult.
242 1200 407 1269 Plerumque
425 1220 440 1255 a
458 1204 586 1270 periculis
605 1206 698 1259 multis
717 1206 851 1258 liberatus
869 1204 949 1256 uiuit:
974 1203 1024 1256 sed
1041 1206 1079 1256 te·

116 1288 219 1353 toneat,
238 1288 261 1339 si
279 1289 380 1354 potest,
399 1290 516 1342 aetatem
532 1292 622 1356 'suam3
643 1307 699 1344 non
717 1290 862 1358 perueniat
880 1287 915 1341 ad
933 1290 1078 1342 senectam.

147 1370 294 1425 Transitur
314 1373 486 1440 periculosus
506 1375 575 1441 dies,
596 1378 623 1429 et
644 1375 711 1429 dicit
732 1375 826 1440 h0m0,
849 1372 933 1426 Euasi
955 1374 1079 1425 mortem.

149 1454 231 1508 Unde
246 1459 359 1510 suasisti
374 1459 511 1512 mortem?
530 1458 604 1522 Quia
617 1461 751 1513 transitus
766 1460 809 1511 est
823 1456 995 1524 periculosus
1010 1456 1079 1509 dies.

146 1539 252 1593 Tamen
266 1541 379 1595 additus
392 1543 496 1595 esttibi
509 1543 581 1597 dies:
600 1559 685 1598 unum
698 1543 762 1611 plus
775 1542 879 1606 uixisti,
892 1555 977 1593 unum
990 1542 1079 1593 minus

147 1624 241 1690 babes,
257 1626 280 1677 si
295 1629 434 1693 computo.
456 1625 484 1680 Si
499 1629 571 1680 enim
585 1628 724 1681 uiuiturus
739 1642 809 1692 eras,
825 1625 903 1678 uerbi
917 1626 1015 1692 gratia,
1035 1625 1081 1677 tri-

116 1720 139 1759 75
146 1709 224 1775 ginta
242 1725 340 1777 annos,
358 1712 497 1764 transacto
515 1713 570 1764 isto
587 1712 641 1777 die,
659 1710 764 1763 recedit
781 1709 817 1761 de
835 1723 942 1760 summa
959 1707 1080 1772 uiuituri,
1104 1766 1117 1794 n
1148 1775 1151 1782 ι
1182 1766 1191 1794 a
1214 1767 1219 1794 ἱ

148 1792 252 1846 accedit
264 1794 300 1847 ad
313 1794 423 1861 pondus
437 1797 571 1849 morituri.
591 1795 627 1848 Et
639 1795 735 1848 dicunt
746 1796 848 1859 tamen,
862 1781 1004 1846 Accedunt
1017 1792 1080 1845 anni
1088 1773 1231 1850 annafflissssffnffa

147 1877 261 1932 bomini.
287 1878 349 1946 Ego
366 1879 438 1946 dico,
457 1881 521 1947 quia
538 1880 680 1933 recedunt:
702 1877 779 1931 illam
798 1879 871 1931 enim
889 1892 1024 1930 summam
1042 1878 1081 1929 at·
1121 1862 1196 1892 ‘mm'

147 1963 233 2015 tendo
252 1979 321 2030 quae
340 1965 480 2031 remansit,
500 1981 555 2017 non
574 1980 644 2031 quae
663 1964 782 2016 transiit.
808 1960 958 2027 Accedunt,
978 1960 1081 2028 quare?

146 2045 222 2113 Quia
237 2049 283 2119 qui
297 2049 367 2101 uixit
382 2049 582 2116 quinquaginta
597 2064 695 2113 annos,
711 2049 766 2100 iam
782 2047 982 2114 quinquaginta
995 2060 1080 2099 unum

115 2132 238 2185 achabet.
264 2132 295 2185 In
313 2133 412 2200 quibus
421 2128 433 2203 ΙΙ
444 2134 522 2199 uiuit,
540 2133 584 2186 uel
602 2147 673 2200 quos
689 2133 828 2186 uiuiturus
845 2130 907 2185 est?
929 2129 1080 2197 Octoginta
1088 2141 1122 2179 roi.
1134 2142 1158 2178 aa

147 2232 244 2282 annos,
257 2216 335 2269 uerbi
347 2218 445 2284 gratia,
458 2217 596 2270 uiuiturus
608 2218 677 2270 erat:
697 2216 781 2269 habet
794 2215 859 2268 inde
872 2214 1080 2282 quinquaginta,

146 2302 252 2352 restant
263 2301 386 2368 triginta.
403 2301 479 2354 Vixit
490 2316 587 2355 unum:
605 2300 689 2354 habet
701 2300 778 2368 quod
789 2300 867 2366 uixit,
881 2300 1081 2367 quinquaginta

146 2399 230 2437 unum
251 2387 326 2437 sunt:
353 2385 430 2452 quod
449 2387 586 2438 uiuiturus
605 2387 655 2451 est,
675 2385 776 2452 uiginti
797 2400 897 2437 nouem
917 2385 1033 2448 restant;
1054 2385 1081 2436 et

147 2469 209 2521 binc
227 2471 340 2522 recessit
356 2485 436 2536 unus,
455 2470 507 2523 buc
524 2471 639 2523 accessit
657 2470 737 2522 atter:
763 2469 813 2522 sed
831 2484 892 2522 cum
911 2468 1080 2533 accessisset,

114 2564 202 2606 senon
222 2556 300 2607 tenes
319 2554 393 2606 unde
413 2555 535 2607 recessit.
560 2554 673 2607 Timens
692 2555 764 2607 uiuit
783 2556 810 2606 et
830 2553 955 2619 alterum,
975 2568 1081 2605 reman-

147 2640 242 2690 serunt
263 2638 362 2704 uiginti
384 2640 459 2691 octo:
485 2639 555 2692 uiuit
577 2641 605 2691 et
626 2640 745 2705 tertium,
768 2639 959 2690 remanserunt
981 2636 1080 2704 uiginti

147 2724 261 2789 septem.
281 2722 410 2776 Viuendo
426 2723 534 2777 tollitur
550 2724 624 2777 unde
640 2724 752 2790 uiuitur,
769 2726 797 2777 et
813 2722 941 2776 ducendo
958 2723 1016 2775 uita
1033 2724 1081 2775 mi-

147 2808 239 2859 nuitur
254 2808 281 2859 et
296 2823 352 2859 non
369 2809 422 2860 est:
444 2809 508 2875 quia
524 2824 579 2861 non
596 2810 638 2861 est
654 2807 797 2875 quomodo
813 2807 873 2860 dies
889 2806 1003 2860 ultimus
1018 2821 1081 2860 eua-

146 2891 235 2945 datur.

114 2986 139 3023 sn
205 2976 230 3029 3.
254 2974 309 3028 Sed
331 2977 407 3028 uenit
429 2977 560 3030 dominus
582 2979 677 3030 noster
700 2976 778 3029 lesus
802 2975 941 3042 Christus,
964 2978 991 3028 et
1012 2978 1080 3029 tam-

143 3058 228 3128 quam
248 3061 383 3114 allocutus
402 3063 445 3114 est
464 3077 527 3114 nos:
552 3056 630 3128 Quid
648 3062 797 3127 timebatis¹
818 3078 835 3115 0
855 3061 990 3127 homines,
1010 3076 1079 3129 quos

146 3148 245 3212 creaui,
268 3149 294 3199 et
317 3162 386 3214 quos
409 3163 465 3199 non
486 3147 616 3200 deserui?
643 3145 671 3200 O
693 3147 830 3213 homines,
853 3148 932 3200 ruina
955 3146 1078 3212 anobis,

145 3234 269 3284 creatura
286 3249 302 3284 a
321 3247 375 3284 me:
398 3246 415 3283 o
432 3231 566 3297 homines,
583 3231 650 3298 quid
666 3232 808 3284 timebatis
825 3232 914 3286 mori?
938 3230 1006 3284 Ecce
1022 3246 1080 3285 mo·

146 3317 211 3382 rior,
234 3332 293 3369 ecce
315 3317 416 3384 patior:
445 3332 506 3368 ecce
526 3316 601 3382 quod
622 3316 764 3369 timebatis
787 3332 843 3370 non
865 3318 993 3382 timeatis
1016 3316 1080 3383 quia

113 3414 137 3453 95
145 3400 266 3456 ostendo
286 3401 362 3469 quod
381 3401 506 3468 speretis.
534 3399 604 3455 Ecce
621 3401 660 3454 sic
679 3400 755 3468 fecit,
775 3401 978 3455 demonstrauit
997 3401 1079 3454 nobis

1045 3520 1081 3574 47
