2819 4040
394 295 435 333 ΧΧ.
448 294 479 333 De
492 294 644 343 quadragesima
656 294 783 335 Ascensionis
795 295 870 335 domini

168 419 295 486 exiguam
312 422 419 489 partem
435 422 537 472 terrae:
555 418 643 472 oculis
660 421 714 475 tuis
731 420 861 489 possides
878 420 992 488 caelum,
1009 418 1099 475 oculis

167 503 222 557 tuis
236 505 351 574 respicis
364 504 462 571 solem,
476 502 564 557 oculis
578 504 634 556 tuis
648 506 808 560 consideras
823 504 922 573 sidera,
938 520 987 573 per
1000 503 1098 559 oculos

166 588 230 642 tuos
247 589 342 643 mundi
359 602 508 657 possessor
523 603 561 641 es
586 586 622 640 Et
638 590 705 656 quid
721 591 807 644 multa
823 588 932 644 dicam?
952 588 1097 657 interroga

134 681 159 719 55
166 673 201 740 te,
217 673 400 742 respondebit
414 671 465 726 tibi
482 672 573 725 anima
588 674 635 725 tua
651 689 701 740 pro
716 691 832 742 corpore
848 689 910 728 suo:
931 673 1034 728 Totum
1049 672 1095 738 da,

166 771 246 811 serua
265 757 403 812 fenestras
420 771 504 810 meas.
530 755 593 809 Hoc
610 756 660 811 tibi
678 758 744 813 dicit
751 755 860 831 {lanima
876 761 935 814 tua:
958 757 1035 813 Duas
1053 757 1095 812 fe·

166 843 273 895 nestras
294 841 386 894 habeo
405 842 433 894 in
455 840 526 894 facie
547 844 603 909 tua,
625 859 673 911 per
693 847 768 912 ipsas
788 843 872 898 uideo
893 844 980 897 lucem
1001 844 1094 896 istam:

165 924 202 977 da
220 940 324 991 aurum,
342 940 376 978 ne
393 924 558 979 claudantur
575 925 713 981 fenestrae
731 944 815 982 meae.
838 927 864 981 Τ
865 930 942 982 otum
959 943 1026 997 ergo
1043 927 1094 981 das

165 1024 217 1076 pro
231 1008 319 1062 oculis
332 1011 396 1063 tuis

132 1110 157 1149 eo
223 1101 249 1153 12.
268 1098 352 1153 Certe
368 1099 436 1152 nihil
453 1099 539 1153 habes
556 1103 643 1155 oculis
659 1105 759 1157 carius:
777 1103 844 1157 nihil
862 1103 982 1171 quidem,
999 1102 1095 1156 sedin

163 1199 288 1252 corpore.
315 1183 388 1238 Nam
408 1187 528 1240 ostendo
551 1187 656 1255 aliquid
677 1190 766 1242 carius
789 1188 865 1256 quod
885 1186 989 1240 habeas
1011 1202 1093 1255 quarn

162 1268 259 1324 oculos
280 1272 356 1323 tuos:
388 1271 473 1324 modo
493 1271 680 1339 confiteberis,
701 1275 744 1326 cui
766 1272 873 1340 loquor,
893 1271 983 1324 carior
1003 1272 1092 1324 estin

163 1354 191 1406 te
208 1369 290 1421 quam
306 1354 378 1407 oculi
395 1356 444 1408 tui.
469 1353 522 1409 Cui
540 1355 646 1423 loquor,
663 1357 734 1423 dico,
752 1372 808 1409 non
824 1371 874 1423 per
890 1354 965 1422 quod
983 1355 1093 1422 loquor:

163 1452 213 1505 per
226 1452 320 1491 aurem
333 1440 452 1492 mentem
466 1439 609 1507 conuento,
624 1455 674 1508 per
687 1454 781 1493 aurem
795 1441 915 1493 mentem
929 1439 1027 1506 excito,
1046 1453 1095 1505 per

131 1537 155 1575 os
163 1536 263 1574 sonum
285 1522 370 1575 menti
391 1522 498 1590 loquor,
520 1526 639 1577 mentem
661 1524 799 1589 exhortor,
822 1524 942 1575 mentem
964 1520 1093 1576 aedifico.

162 1604 277 1669 Quaero
290 1606 326 1659 ab
340 1607 401 1674 ipsa
415 1609 514 1674 mente,
529 1608 605 1661 etde
620 1610 681 1676 ipsa
695 1609 795 1674 mente,
810 1608 837 1659 et
851 1607 993 1673 interrogo
1007 1604 1094 1658 homi·

163 1705 225 1743 nem
247 1690 300 1743 hoc
320 1691 413 1745 modo.
444 1690 501 1744 lam
522 1691 628 1745 dudum
651 1691 786 1757 dicebam,
808 1691 832 1743 si
855 1691 917 1758 quis
938 1690 989 1743 tibi
1009 1688 1095 1743 uellet

163 1773 272 1828 auferre
296 1774 442 1829 thesauros
465 1778 513 1829 aut
536 1775 641 1843 oculos,
665 1790 751 1828 unum
775 1774 811 1827 de
833 1773 953 1840 duobus,
978 1772 1095 1841 eligeres

162 1858 270 1912 oculos:
295 1860 422 1927 quamuis
441 1858 549 1926 dolens,
571 1860 711 1913 amitteres
732 1858 887 1924 thesauros
909 1873 943 1910 ne
964 1857 1095 1925 perderes

131 1943 266 1999 moculos.
288 1942 380 1997 Modo
394 1944 430 1997 de
446 1945 515 2012 ipsis
531 1942 618 1997 oculis
635 1944 786 2012 interrogo.
808 1940 837 1994 Si
853 1944 999 2009 utrumque
1014 1941 1095 1995 liceat

161 2028 263 2093 tenere,
278 2026 399 2080 felicitas
414 2030 463 2093 est,
479 2028 575 2080 oculos
590 2029 618 2079 et
632 2029 760 2080 mentem.
782 2024 811 2079 Si
826 2041 882 2079 non
897 2025 978 2078 liceat
991 2027 1094 2079 utrum-

161 2126 222 2179 que,
244 2114 271 2164 et
290 2126 374 2164 unum
395 2111 495 2164 horum
515 2113 700 2179 proponatur:
726 2109 807 2177 Elige
828 2110 903 2178 quod
923 2109 1022 2164 melius
1042 2112 1093 2176 est,

160 2195 276 2263 perdere
291 2195 388 2249 oculos
402 2196 536 2263 corporis
552 2213 587 2249 an
602 2197 730 2249 mentem.
752 2193 781 2248 Si
795 2193 951 2263 perdideris
966 2196 1093 2261 mentem,

159 2293 238 2347 pecus
257 2280 323 2350 eris5
337 2281 360 2332 si
373 2279 529 2348 perdideris
543 2280 649 2347 oculos,
662 2278 778 2333 habebis
792 2281 919 2347 mentem,
933 2278 1018 2332 homo
1031 2280 1092 2333 eris.

128 2379 151 2417 75
159 2363 222 2431 Dic,
235 2365 307 2432 elige
319 2365 395 2432 quod
407 2365 486 2419 uelis.
506 2363 584 2428 Quid
595 2366 639 2418 uis
651 2380 722 2432 esse,÷
734 2364 819 2418 homo
830 2379 936 2431 caecus,
949 2381 984 2417 an
995 2365 1093 2418 uiuens

1103 765 1137 805 iol.
1152 767 1176 804 88

1119 1612 1173 1644 Oculis
1181 1615 1231 1644 tamen

1102 1661 1151 1691 carior
1158 1660 1191 1698 ipsa
1198 1669 1245 1691 mens.

159 2451 263 2518 pecus?
280 2450 472 2518 licclamastis,
486 2451 621 2518 elegistis:
637 2451 713 2519 quod
727 2450 860 2518 elegistis,
874 2449 948 2503 unde
962 2450 1093 2504 uidistis?
1134 2505 1215 2535 mmm.

160 2534 227 2602 quid
235 2534 357 2601 ostendi,
366 2538 397 2589 ut
405 2535 581 2590 clamaretis?
590 2534 709 2603 illiquos
720 2536 849 2603 pulchros
859 2537 976 2604 colores,
985 2537 1092 2602 aliquas

159 2620 370 2673 uenustissimas
390 2620 506 2688 formaS,
525 2635 629 2687 aurum,
649 2622 793 2687 argentum
812 2619 944 2674 ostendi?
968 2634 1092 2687 gemmas

159 2703 240 2756 uobis
256 2704 443 2772 inspiciendas
457 2704 564 2772 aliquas
578 2704 701 2772 protuli?
722 2703 798 2757 Nihil
813 2703 923 2758 horum:
937 2705 1030 2758 tamen
1045 2705 1091 2758 ad-

126 2788 308 2856 aoclamastiS,
330 2789 357 2841 et
377 2789 555 2842 acclamando
576 2804 628 2842 uos
649 2789 767 2856 elegisse
789 2787 981 2856 significastis.
1009 2788 1091 2843 Unde

158 2871 270 2925 uidistis
285 2873 360 2939 quod
374 2872 507 2940 elegistis,
522 2875 584 2941 ipsa
597 2875 640 2926 est
653 2888 738 2940 mcnS,
753 2874 798 2925 cui
811 2872 920 2940 loquor.
942 2872 1025 2926 Unde
1039 2873 1092 2926 ele-

158 2957 225 3024 gisti
242 2956 318 3024 quod
334 2956 437 3009 audisti
454 2972 503 3023 per
519 2957 634 3010 uerbum
651 2972 749 3023 meum,
767 2956 819 3010 hoc
834 2956 916 3010 crede
933 2957 960 3010 in
976 2957 1091 3010 uerbum

159 3040 213 3093 dei.
234 3039 297 3093 Hoc
309 3040 389 3093 audis
402 3043 429 3093 et
441 3040 520 3107 facis,
533 3058 593 3094 cum
605 3041 715 3108 dicitur,
728 3040 857 3095 Sursum
869 3058 931 3096 cor.
949 3040 1091 3095 Christum

158 3127 251 3195 cogita
265 3125 407 3179 sedentem
421 3126 449 3178 in
463 3125 577 3179 dextera
592 3126 689 3193 patris:
704 3126 797 3193 cogita
810 3128 957 3179 uenturum
971 3126 1007 3178 ad
1021 3126 1090 3178 iudi-

125 3209 276 3264 secandum
289 3211 371 3263 uiuos
384 3210 411 3263 et
424 3212 557 3264 mortuos.
579 3209 663 3263 Fides
677 3211 791 3277 cogitet:
806 3210 880 3263 fides
894 3212 922 3264 in
935 3212 1025 3264 mente
1039 3211 1089 3276 est,

158 3295 186 3346 in
196 3292 380 3347 fundamento
389 3293 482 3347 cordis
491 3295 535 3348 est
545 3292 628 3348 fides.
642 3291 714 3358 Quis
723 3302 780 3362 plroi
788 3297 815 3348 te
825 3296 950 3349 mortuus
959 3295 1004 3361 sit,
1012 3294 1089 3348 uide:

158 3378 270 3431 attende
286 3377 488 3446 ascendentem,
504 3393 566 3431 ama
580 3378 742 3445 patientem:
759 3378 871 3432 attende
887 3379 1089 3446 ascendentem,

1057 3499 1092 3551 75
