2819 4040
509 333 541 376 xr.
554 332 585 375 De
597 332 653 377 tertia
665 337 713 378 feria
726 332 811 379 Paschae

195 462 240 528 qui
264 464 306 516 est
326 462 417 528 filius;
443 461 494 515 sed
517 462 630 529 quando
652 465 720 533 uult,
743 469 821 534 pater
842 466 895 519 est:
923 463 1038 534 quando
1059 462 1129 529 uult,
1147 470 1268 503 sarritioni,

194 544 273 600 iilius
287 550 337 602 est.
359 547 402 601 Ne
416 547 479 600 huic
493 548 580 600 errori
596 548 674 601 alteri
688 551 767 605 daret
780 552 962 617 occasionem,
977 566 1033 604 non
1048 548 1128 614 dixit,
1183 528 1231 551 Μ’

194 627 250 692 Qui
274 647 317 684 me
337 631 417 697 uidit,
440 630 513 683 uidit
535 633 649 699 patrem,
673 636 731 702 sed,
753 635 825 689 uidit
846 638 873 688 et
895 637 1012 704 patrem:
1039 634 1078 687 sic
1101 634 1128 685 et

160 727 184 766 os
193 715 299 780 patrem
316 714 460 769 etlilium.
485 713 568 768 Pater
584 731 651 784 ergo
668 721 694 772 et
710 719 797 787 lilius,
815 720 880 774 duo.
904 718 981 784 Quid
998 719 1075 773 duo?
1097 716 1127 771 Si

193 812 309 865 quaeras
326 815 342 852 a
359 815 410 865 nre,
427 800 505 866 pater
521 801 548 852 et
565 799 642 854 iilius
659 803 723 857 du0.

251 883 277 937 4.
288 881 332 953 (3)
342 882 483 950 Quicquid
499 884 597 938 iterunr
612 886 689 954 dicis,
705 890 803 942 iteruin
819 889 986 955 respondeo,
1003 886 1085 941 Pater
1100 890 1127 940 et

193 967 279 1033 filius,
294 968 380 1034 quid?
392 968 451 1021 dii?
464 967 537 1035 Non,
551 969 616 1024 duo
628 969 707 1038 Quid
719 973 806 1040 ergo?
819 972 898 1045 Unus
912 973 989 1025 deus.
1006 972 1071 1026 Non
1085 974 1126 1025 in-

191 1050 304 1118 tellego,
325 1052 423 1118 inquit.
450 1050 532 1105 Pater
552 1069 608 1106 non
628 1057 671 1108 est
690 1056 778 1122 filius,
799 1055 877 1108 filius
898 1071 953 1109 non
973 1057 1014 1109 est
1035 1058 1124 1123 pater:

160 1145 184 1184 7⁰
191 1133 248 1187 duo
265 1137 337 1189 sunt.
361 1133 438 1188 Deus
455 1138 497 1188 est
513 1139 599 1204 pater,
616 1139 685 1192 deus
700 1142 743 1193 est
759 1140 850 1192 iilius:
872 1140 900 1192 et
916 1155 971 1192 non
988 1142 1052 1192 sunt
1067 1140 1124 1193 duo

191 1218 250 1272 dii?
271 1217 336 1271 Non
354 1219 495 1287 intellego
519 1219 596 1287 Quid
614 1222 664 1274 tibi
682 1239 749 1291 ergo
767 1239 820 1290 ego
837 1223 930 1275 dicam*
946 1238 1001 1275 non
1019 1222 1123 1276 intelle-

189 1304 286 1369 genti?
306 1302 382 1356 nudi
398 1304 573 1372 prophetam:
596 1306 668 1361 Nisi
683 1309 904 1375 credideritis,
921 1322 983 1361 non
998 1309 1124 1362 intelle-

189 1387 277 1453 gitis.
301 1386 366 1440 Non
385 1388 533 1456 intellegis,
552 1392 582 1443 ut
599 1391 708 1456 credas;
731 1391 781 1444 sed
799 1391 898 1456 credis
917 1393 948 1443 ut
966 1391 1276 1458 intellegas:nonmagna

190 1485 261 1536 opus
285 1473 327 1523 est
348 1470 432 1539 tideo,
455 1488 558 1526 merces
582 1475 746 1529 intellectus.
777 1474 839 1527 Nisi
862 1473 1045 1540 credideritis
1068 1490 1123 1527 non
1131 1452 1276 1538 Ἳῗῖῗιῖῗῖἷζὲῗη

158 1554 361 1622 rsintellegitis.
386 1555 462 1609 nudi
483 1558 575 1612 tanren
599 1559 689 1626 ipsum
713 1559 866 1624 dominum,
891 1559 921 1609 ut
943 1558 1035 1610 discas
1058 1559 1123 1625 quid

188 1639 294 1694 credas.
323 1638 354 1693 Si
376 1640 561 1709 diligeretis
584 1659 641 1710 me,
662 1643 863 1710 gauderetis,
886 1642 960 1709 quia
980 1642 1064 1695 uado
1086 1643 1124 1695 ad

189 1724 1123 1794 patrenr:quoniampaterrnaiormeestllllodoquasiextitit,

189 1809 234 1875 qui
248 1808 399 1877 intellegat.
420 1810 497 1878 Ecce,
510 1812 607 1878 inquit,
620 1810 706 1863 modo
719 1809 862 1877 intellego.
882 1808 964 1862 Pater
976 1810 1064 1862 rnaior
1081 1825 1123 1862 ine

188 1895 238 1947 est.
264 1893 365 1947 Forma
383 1897 456 1948 serui
476 1895 609 1962 loquitur:
633 1894 753 1948 tornranr
774 1895 819 1947 dei
839 1908 948 1961 quaere.
975 1893 1038 1946 lloc
1056 1909 1124 1961 ergo

155 1977 266 2031 addixit.
289 1977 318 2030 Si
333 1978 487 2046 diligeretis
503 1995 555 2046 nre,
571 1979 731 2045 gauderetis
748 1980 812 2046 quia
828 1994 861 2031 eo
877 1978 913 2031 ad
928 1980 1043 2045 patrem,
1060 1979 1125 2046 quia

188 2065 265 2129 pater
280 2064 369 2116 maior
383 2080 426 2116 me
442 2066 493 2117 est.
514 2063 605 2117 Modo
621 2063 697 2131 quod
713 2079 756 2115 nre
771 2062 882 2129 uidetis,
899 2062 937 2115 ibi
953 2079 996 2115 me
1010 2063 1122 2129 uidetiS,

187 2148 234 2200 ubi
260 2149 352 2201 minor
376 2164 444 2202 sunr.
478 2147 551 2202 Cunr
577 2164 645 2215 ergo
671 2149 710 2201 ibi
736 2164 779 2200 nre
805 2148 934 2214 uideatis,
959 2147 1006 2200 ubi
1033 2148 1123 2201 rninor

187 2247 256 2299 suni,
280 2235 303 2285 si
326 2234 424 2286 amatis
447 2249 498 2300 rne,
522 2249 582 2286 earn
606 2232 673 2285 illuc
693 2233 741 2285 ubi
764 2232 887 2300 aequalis
910 2247 979 2285 sum.
1008 2230 1122 2285 Miraris

187 2318 251 2384 quia
279 2317 357 2369 tilius
385 2319 476 2370 minor
502 2319 545 2370 est
573 2320 651 2384 patre
680 2318 707 2370 in
736 2317 828 2370 fornia
855 2316 948 2370 serui?
982 2315 1043 2384 Ego
1071 2315 1121 2368 tibi

153 2401 249 2453 ardico
264 2402 328 2468 quia
341 2403 368 2453 et
381 2417 411 2454 se
425 2403 487 2468 ipso
500 2403 593 2454 rninor
605 2403 656 2467 est,
671 2401 735 2469 quia
748 2403 848 2454 semet
862 2402 965 2467 ipsum
979 2401 1121 2454 exinani-

185 2487 243 2553 uit,
261 2486 397 2539 formam
414 2488 498 2539 serui
516 2487 686 2553 accipiens.
709 2484 738 2538 Si
755 2487 846 2538 autern
863 2484 1003 2551 intellegis
1020 2485 1055 2537 de
1072 2484 1121 2537 illo

186 2587 247 2623 esse
259 2570 371 2637 dictunr,
383 2570 567 2624 Minoratus
580 2573 629 2624 est
641 2570 738 2637 paulo
751 2571 853 2623 minus
867 2569 904 2622 ab
917 2569 1054 2635 angelis;
1068 2570 1121 2621 ianr

185 2671 252 2722 ergo
268 2656 290 2707 si
307 2655 465 2724 applicuisti
480 2657 507 2707 te
523 2655 632 2708 fornrae
647 2656 729 2721 serui,
745 2654 803 2707 noli
819 2653 857 2706 ibi
873 2668 1022 2719 remanere,
1039 2667 1121 2720 surge

185 2739 257 2805 inde,
282 2739 424 2806 aequalem
448 2741 520 2806 patri
545 2738 688 2792 Christum
710 2737 855 2791 confitere.
886 2735 981 2806 Quare
1003 2736 1121 2791 libenter

151 2823 273 2891 obaudis
292 2822 375 2876 Pater
391 2824 480 2876 maior
497 2839 540 2876 nre
558 2824 619 2876 est?
642 2822 784 2876 Libentius
802 2822 876 2887 audi,
896 2821 964 2889 Ego
982 2824 1012 2874 et
1030 2824 1120 2889 pater

182 2922 276 2960 unurn
297 2922 413 2960 sumus
442 2907 511 2960 Ecce
531 2907 666 2960 catholica
687 2906 770 2973 fides,
792 2908 933 2974 tamquam
953 2907 1024 2959 inter
1045 2903 1118 2972 Scyl·
1135 2922 1262 2953 catholicatus

183 2992 237 3045 larn
252 2994 279 3045 et
292 2991 437 3045 Caribdim
450 2994 595 3059 nauigans,
610 2993 680 3044 sicut
693 2991 841 3058 nauigatur
854 2992 882 3044 in
897 2991 946 3044 illo
960 2991 1034 3044 freto
1049 2991 1118 3042 inter
1125 2971 1271 3056 gffisssssslffssffissf

182 3077 304 3131 Siciliam
325 3079 351 3129 et
373 3076 492 3129 ltaliam:
519 3092 553 3129 ex
572 3092 627 3129 una
647 3077 725 3143 parte
744 3092 812 3128 saxa
833 3075 989 3142 nauitraga,
1010 3091 1043 3128 ex
1063 3075 1117 3127 alia
1176 3075 1220 3104 ΕΜ·

182 3165 260 3230 parte
277 3177 383 3228 uorago
400 3162 542 3213 nauiuora.
566 3158 595 3212 Si
605 3155 616 3230 ll
627 3162 655 3212 in
672 3176 739 3212 saxa
757 3160 909 3226 incurrerit,
927 3160 1075 3226 frangitur3
1093 3159 1115 3211 si
1125 3175 1158 3214 ror.
1172 3176 1196 3214 50

149 3258 173 3296 95
182 3247 209 3298 in
220 3247 436 3313 uoragine<nr>
448 3245 598 3310 incurrerit,
608 3244 782 3297 absorbetur.
791 3242 835 3297 Sic
846 3242 1027 3311 etSabelliu3‚
1037 3242 1116 3297 Unus

182 3332 232 3397 est,
244 3330 323 3396 dixit,
335 3345 391 3382 non
403 3330 467 3382 sunt
477 3328 543 3394 duo,
556 3329 634 3394 pater
644 3330 671 3380 et
683 3327 770 3381 tilius,
789 3326 918 3381 Obserua
931 3327 1124 3404 naufragium.¹

183 3413 251 3466 ltenr
268 3413 410 3480 Arrianus,
427 3411 490 3466 Duo
507 3413 582 3464 sunt:
604 3426 675 3464 unus
691 3412 787 3478 maior,
804 3412 873 3464 alter
888 3414 985 3478 minor,
1002 3426 1057 3465 non
1073 3426 1125 3512 are-3,
