2819 4040
512 348 542 388 De
556 350 648 398 passione
661 351 735 390 domini

179 469 289 525 heretici
303 473 455 525 insaniunt:
468 487 531 524 nam
544 472 584 524 illi
597 489 653 526 non
666 475 829 529 deleuerunt
841 474 950 527 titulum
964 469 1264 541 pendentiscontrauaeretcos

180 557 207 608 in
220 556 305 624 ligno,
318 558 363 610 isti
376 555 532 609 exsufflant
543 556 711 623 baptismum
723 560 846 612 sedentis
859 558 984 612 incaelo
1005 556 1047 610 Ex
1061 555 1113 609 hoc
1132 531 1249 570 “mmmm

180 641 271 709 itaque
289 641 427 708 praesenti
445 640 554 707 psalmo
571 642 694 709 utrisque
712 643 879 696 aduersariis
897 642 1112 710 respondemus:

58 767 60 771 ,
149 735 172 772 50
180 728 206 777 et
222 725 401 792 negatoribus
416 724 523 790 capitis
539 726 566 777 et
581 728 759 792 negatoribus
775 728 907 794 corporis.
930 727 1023 794 Caput
1038 725 1112 778 enim

181 808 319 874 Christus,
336 824 436 875 corpus
454 809 575 862 ecclesia.
600 809 706 864 Contra
724 812 843 864 ludaeos
862 811 990 878 legimus:
1010 811 1032 864 1³
1037 810 1113 864 ode·

181 895 253 945 runt
266 908 376 945 manus
389 908 473 945 meas
487 895 517 944 et
530 894 627 960 pedes
642 911 739 961 meos,
753 897 1037 949 dinumerauerunt
1050 913 1113 949 om-

181 978 232 1029 nia
248 993 323 1029 ossa
339 992 416 1042 mea,
434 979 461 1028 et
476 978 566 1029 cetera
583 994 652 1045 quae
669 982 829 1046 sequuntur.
854 977 961 1031 Contra
976 979 1112 1032 hereticos

181 1060 309 1126 legimus:
324 1059 666 1117 Commemorabuntur
678 1068 707 1117 et
726 1064 941 1115 conuerteutur
961 1067 999 1118 ad
1012 1066 1113 1119 domi·

149 1157 250 1197 55num
266 1147 408 1198 uniuersi
424 1146 510 1198 fines
525 1150 639 1214 terrae,
656 1152 686 1202 et
701 1149 883 1202 adorabunt
897 1149 927 1200 in
942 1152 1112 1215 conspectu

182 1231 249 1282 eius
265 1231 435 1282 uniuersae
451 1233 573 1297 patriae
589 1235 742 1299 gentium;
762 1233 911 1300 quoniam
928 1233 1048 1285 domini
1065 1236 1113 1286 est

182 1329 323 1380 regnum,
343 1317 373 1366 et
392 1315 461 1380 ipse
480 1315 700 1371 dominabitur
719 1317 870 1383 gentium.
897 1313 952 1367 Sed
971 1317 1113 1367 teneamus

182 1397 258 1463 quod
279 1397 459 1464 significabat
479 1398 526 1449 illa
547 1401 632 1452 uestis
654 1401 774 1466 desuper
795 1400 878 1463 texta,
901 1413 983 1465 quam
1005 1414 1053 1450 nec
1074 1398 1114 1450 illi

183 1482 338 1534 diuiserunt
355 1484 401 1548 qui
419 1481 561 1535 Christum
579 1485 746 1549 occiderunt,
765 1482 815 1535 sed
833 1482 946 1534 adeam
964 1484 1038 1534 sorte
1056 1497 1114 1548 per-

151 1578 175 1617 oo
182 1570 316 1619 uenerunt
331 1569 376 1634 qui
391 1569 534 1634 peruenire
550 1572 707 1636 potuerunt.
730 1567 853 1621 Possunt
868 1582 934 1633 ergo
949 1582 999 1632 per
1013 1567 1115 1618 multos

182 1651 335 1703 haereticos
348 1652 437 1703 diuidi
451 1655 620 1705 sacramenta
634 1652 751 1706 Christi:
766 1650 858 1704 nullus
873 1650 1002 1702 fidelium
1016 1649 1116 1702 scindit

182 1735 226 1787 uel
246 1735 347 1787 diuidit
364 1736 505 1788 caritatem
525 1735 642 1801 Christi3
662 1736 712 1788 sed
733 1736 779 1802 qui
799 1735 937 1801 pertinent
956 1734 991 1786 ad
1010 1735 1116 1800 partem

183 1820 267 1872 sortis
282 1821 439 1871 sanctorum
453 1821 480 1872 in
496 1820 607 1885 lumine,
623 1820 676 1886 ipsi
692 1836 753 1872 eam
768 1822 908 1884 tamquam
924 1819 1063 1885 propriam
1078 1820 1117 1870 te·

183 1906 255 1970 nent,
274 1905 337 1971 quia
353 1904 514 1970 spiritaliter
529 1905 651 1970 diligunt
667 1904 810 1956 unitatem.
834 1900 1020 1970 Quapropter,
1035 1902 1117 1955 caris·

151 2001 175 2038 os
184 1989 255 2053 simi,
276 1987 444 2040 celebremus
464 1989 546 2040 istum
567 1988 641 2040 diem
663 1987 852 2039 anniuersaria
873 1986 1036 2039 deuotione:
1057 1986 1117 2053 glo·

184 2073 285 2124 riemur
301 2074 391 2124 autem
406 2073 433 2123 in
448 2086 525 2123 cruce
542 2070 657 2136 Christi,
674 2086 730 2124 non
747 2070 831 2122 semel
848 2071 875 2122 in
891 2087 972 2135 anno,
989 2070 1039 2123 sed
1053 2086 1117 2124 con-

184 2157 260 2208 tinua
281 2156 380 2207 sanctii
399 2156 433 2207 te.

245 2298 328 2341 lVide
348 2298 434 2340 Praciat.
450 2297 477 2340 ad
501 2310 521 2340 n.
537 2300 589 2341 xxi.
627 2300 641 2339 3
663 2297 891 2350 caelebramusss.
931 2299 957 2339 13
979 2298 1118 2353 credimus]

182 2387 204 2415 ra
220 2385 247 2414 ex
263 2374 276 2415 b
292 2370 331 2413 s.l.
348 2372 439 2413 cornG.
472 2372 500 2412 14
516 2373 595 2425 suam]
612 2384 658 2413 sua
674 2371 701 2413 0.
729 2372 756 2412 15
775 2371 830 2424 nos]
846 2383 862 2412 s.
878 2370 891 2412 l.
907 2370 978 2425 suppl.
995 2372 1025 2420 (13
1045 2372 1065 2412 et
1080 2371 1120 2413 ista

183 2444 271 2498 quidem
288 2456 336 2486 cum
353 2443 444 2485 exordio
460 2444 580 2486 Enarrat.2
602 2445 623 2485 in
640 2444 673 2485 Ps.
690 2444 715 2484 21
735 2442 832 2485 conteras
854 2443 925 2485 uelim.
957 2445 985 2486 23
1002 2442 1119 2496 stultitia]

182 2517 267 2570 scripsi3
292 2516 387 2558 stultis
404 2516 430 2558 G.
468 2517 496 2557 25
513 2515 674 2569 hominibus]
692 2516 717 2557 cl.
734 2517 741 2557 l
758 2516 809 2558 Cor.
827 2517 845 2566 1,
869 2517 969 2558 23-·-25:
993 2528 1059 2569 porro
1081 2515 1120 2557 hac

182 2589 316 2631 translatione
337 2588 451 2639 ‚infirmum
472 2588 513 2629 dei‘
534 2588 628 2640 ,stultum
650 2588 691 2630 dei‘
710 2587 761 2630 alibi
782 2599 871 2641 quoque
891 2588 1026 2641 Augustinus
1051 2588 1121 2636 utitur,

183 2675 250 2715 ugr.
271 2662 305 2703 De
319 2662 358 2703 ciu.
381 2661 439 2703 deil.
457 2663 491 2711 10,
513 2673 530 2703 c.
550 2663 589 2711 28;
608 2663 631 2703 ln
648 2661 692 2703 loh.
708 2663 765 2702 tract.
787 2663 806 2712 8,
827 2673 847 2702 n.
867 2662 886 2703 9,
922 2662 951 2702 36
968 2661 1070 2714 sortem]
1087 2661 1121 2703 Ps.

184 2737 218 2786 21,
236 2736 329 2776 17-19,
360 2736 389 2776 39
408 2733 569 2788 prophetata]
591 2747 607 2776 s.
628 2734 640 2775 l.
662 2747 714 2775 corr.
731 2747 758 2775 ex
777 2733 893 2786 profeta.
925 2735 951 2776 41
973 2734 1121 2787 agnuscunt

184 2820 237 2849 corr.
263 2808 291 2848 43
308 2807 412 2848 Peiores
430 2819 447 2847 a.
464 2806 566 2848 ludaeis
588 2807 701 2859 heretici]
722 2806 747 2847 ci.
763 2806 832 2847 Enarr.
848 2806 870 2848 in
886 2807 966 2857 Pso5,
982 2819 1002 2848 n.
1019 2807 1043 2847 2:
1064 2807 1121 2857 ,Non

184 2881 255 2923 solum
277 2878 348 2921 dolete
364 2878 506 2921 ludaeos...
527 2879 567 2921 sed
583 2879 633 2934 plus
650 2880 767 2921 haereticos
783 2879 885 2932 plangite.
919 2880 941 2922 Si
958 2880 1015 2922 enim
1031 2878 1121 2921 dolendi

185 2955 234 2995 sunt
245 2953 281 3006 qui
295 2951 377 2994 collecti
394 2964 438 2993 non
452 2953 507 3002 suni,
524 2954 603 3006 quanio
617 2952 709 3006 amplius
721 2952 758 3005 qui
770 2951 854 2994 collecti
866 2952 930 2995 diuisi
941 2953 1010 2995 sunt?‘
1036 2953 1064 2993 48
1081 2964 1121 2992 ex·

185 3025 299 3078 sufflant]
321 3037 350 3066 ex
369 3037 384 3066 s.
405 3024 418 3065 l.
439 3023 510 3077 suppl.
547 3027 575 3066 52
596 3025 674 3077 meos]
696 3025 745 3065 item
769 3037 785 3066 s.
807 3024 820 3066 l.
842 3025 913 3079 suppl.
954 3027 982 3067 57
999 3025 1120 3078 gentium]

185 3099 218 3140 Ps.
235 3099 270 3149 21,
292 3099 386 3139 28-29.
418 3098 446 3138 58
468 3096 580 3151 desuper
600 3097 677 3151 texta]
699 3096 743 3138 loh.
766 3098 800 3148 19,
817 3098 852 3138 23.
888 3099 914 3140 61
934 3097 1017 3140 diuidi
1037 3109 1121 3138 sacra·

185 3172 275 3225 menta]
293 3170 351 3213 ldem
369 3183 434 3224 saepe
450 3170 591 3223 Augustinus,
606 3172 630 3213 ut
645 3172 695 3224 puta
706 3171 777 3212 Enarr.
793 3172 806 3211 2
823 3170 845 3212 in
862 3171 895 3213 Ps.
906 3173 941 3222 21,
957 3184 977 3213 n.
995 3172 1032 3213 19:
1048 3169 1121 3221 ‚Vesti-

185 3246 257 3287 menta
272 3245 345 3299 ipsius,
357 3244 487 3285 sacramenia
497 3243 571 3296 ipsius,
587 3244 704 3297 potuerunt
720 3243 789 3285 diuidi
806 3256 846 3297 per
858 3242 967 3286 homines:
983 3243 1022 3286 sed
1037 3243 1082 3284 erat
1091 3240 1121 3284 ibi

185 3318 336 3360 uestimentum
357 3316 418 3371 quod
441 3328 505 3357 nemo
527 3316 663 3358 diuisit...
685 3316 823 3358 Sacramenta
843 3315 884 3358 sibi
905 3316 1002 3358 haeretici
1024 3314 1121 3357 diuidere

186 3391 308 3445 potuerunt,
319 3390 423 3432 caritatem
434 3400 479 3430 non
493 3387 623 3431 diuiserunt!
655 3389 683 3430 03
700 3387 807 3442 lumine]
824 3388 850 3431 ci.
867 3388 915 3431 Col.
934 3390 951 3440 1,
969 3390 1002 3429 12.
