2819 4040
279 549 281 552 v
354 501 431 574 DE
456 503 688 577 NATALE
713 504 911 579 DOMINI

311 635 375 699 odie,
409 638 508 690 fratres
528 642 670 707 carissimi,
692 641 759 693 caeli
781 640 901 706 desuper
922 637 1097 691 rorauerunt:

324 723 407 775 hodie
421 727 514 790 aperta
527 728 569 777 est
581 729 660 791 terra,
674 728 700 778 et
711 728 807 793 genuit
820 726 995 778 saluatorem.
1017 722 1096 773 Felix

324 807 372 858 illa
385 810 465 873 terra,
480 823 548 874 quae
562 810 620 861 sine
635 811 737 862 semine
751 809 896 862 caelestem
910 807 1020 860 saeculo
1034 821 1097 872 pro-

149 902 161 938 5

323 891 386 944 tulit
403 908 510 958 panem,
527 894 553 944 et
570 893 673 946 mundo
689 896 785 960 genuit
802 892 976 945 saluatorem.
1001 889 1095 943 Hodie

169 977 240 1027 inter
251 975 355 1028 caelum
367 979 394 1028 et
405 979 505 1028 terram
519 993 611 1043 pacem
624 979 690 1030 lecit
702 978 779 1030 tilius
792 978 908 1043 uirginis
921 978 1027 1028 matris:
1039 974 1094 1027 cul·

168 1075 218 1126 pas
240 1059 322 1112 hodie
343 1061 483 1126 genitricis
506 1061 619 1115 abstulit
639 1066 731 1116 uterus
754 1062 915 1114 sanctitatis
944 1060 1094 1113 Celebrant

111 1175 113 1178 .
169 1144 277 1196 saecula
299 1145 369 1196 tanti
389 1144 511 1197 consulis
526 1145 531 1207 l
544 1146 625 1212 diem,
647 1147 723 1198 cuius
747 1146 918 1198 natiuitatem
940 1146 1113 1210 gemmatusr

167 1228 221 1279 iam
235 1230 317 1294 pauet
330 1227 467 1299 Herodes,
482 1229 517 1281 ad
529 1232 605 1283 cuius
618 1240 704 1283 cunas*
715 1230 815 1296 regalis
829 1229 956 1281 diadema
968 1232 1092 1293 terretur,

137 1312 243 1363 rucuius
257 1328 305 1378 per
317 1313 490 1379 praesepium
503 1315 594 1365 tremit
607 1316 715 1366 inmane
729 1315 870 1380 palatium.
889 1312 1022 1364 Virtutem
1036 1328 1093 1364 sae-

167 1395 257 1447 culum
267 1396 345 1448 uidet
355 1398 500 1463 nascentia,
513 1399 558 1464 qui
570 1400 645 1464 prius
656 1399 753 1450 terruit
764 1412 844 1464 quam
856 1396 974 1448 lactauit.
986 1394 1013 1448 O
1024 1395 1092 1446 fidei

167 1480 286 1546 pactum!
307 1497 324 1532 0
341 1480 427 1533 fidele
440 1482 584 1534 secretum!
604 1482 710 1548 Virgini
725 1480 860 1547 promittit
874 1478 988 1544 angelus
1001 1478 1092 1530 lilium

167 1565 345 1617 nasciturum:
360 1566 440 1632 uirgo
455 1566 565 1632 gaudet,
580 1567 708 1632 cupitque
723 1564 801 1617 ellici
817 1566 914 1615 mater:
930 1564 1038 1629 gemina
1052 1580 1093 1614 ra-

166 1649 241 1700 tione
258 1648 391 1714 turbatur,
409 1649 484 1715 quod
500 1665 549 1714 per
565 1666 625 1701 eam
642 1648 710 1701 deus
726 1648 794 1700 uelit
811 1646 993 1699 inhominem
1010 1647 1092 1711 nasci,

135 1733 192 1783 raet
208 1731 284 1784 nulla
299 1733 389 1798 possit
405 1734 554 1799 incorrupti
570 1733 640 1785 uteri
657 1731 758 1784 damna
774 1732 883 1783 sentire.
905 1728 974 1796 Age,
990 1731 1092 1795 optime

165 1814 308 1882 Oabrihel,
324 1818 380 1868 tam
396 1816 500 1870 mundo
516 1816 607 1882 gaude
623 1817 745 1882 negotio,
763 1817 789 1867 et
805 1814 917 1866 auribus
933 1829 1025 1865 sacrae
1040 1816 1092 1866 uir-

164 1901 237 1965 ginis
252 1900 376 1966 angelico
389 1918 436 1954 ore
449 1902 518 1953 tanti
532 1902 651 1953 numinis
666 1916 766 1953 nomen
779 1899 905 1953 infunde.
925 1898 997 1951 Scire
1011 1898 1092 1950 debet

163 1984 251 2049 uirgo,
269 1986 311 2036 cui
328 1988 406 2051 paret
424 1999 584 2037 assensum:v
596 1987 650 2037 isto
668 1984 784 2051 nuptiali
802 1983 911 2036 foederi
928 1983 1018 2047 corda,
1036 1998 1090 2034 non

164 2068 294 2134 membra,
314 2069 438 2134 paranda
456 2072 527 2121 sunt.
553 2068 698 2121 Aduentus
718 2070 776 2120 eius
796 2069 823 2119 in
842 2069 948 2119 uterum
967 2066 1091 2118 ordinem

132 2151 248 2204 aoreler:
268 2152 319 2204 hoc
337 2155 426 2219 uirg0,
445 2153 496 2205 hoc
514 2155 597 2218 easta,
617 2153 669 2205 hoc
688 2153 787 2219 pudica
805 2152 881 2218 cupit
899 2152 1004 2215 andire;
1024 2166 1091 2217 quae

163 2237 252 2287 uirum
267 2252 322 2288 non
337 2238 415 2288 nouit
429 2253 528 2302 amare,
544 2239 622 2289 nouit
636 2237 670 2289 de
685 2238 843 2302 incorrupta
856 2236 1014 2301 uirginitate
1027 2249 1092 2302 gau-

162 2318 236 2371 dere
252 2319 308 2389 lam
322 2321 420 2387 indica,
435 2337 574 2388 quaesoee
560 2324 587 2373 t
599 2321 725 2374 caelestis
738 2322 828 2373 curiae
842 2320 933 2387 pande
946 2321 1089 2371 secretum:

163 2402 229 2467 noli,
244 2404 301 2454 noli
315 2403 419 2456 diutius
434 2406 534 2457 ratrom
549 2420 640 2457 moras
656 2407 803 2457 innectere
817 2407 891 2470 cogi
894 2407 940 2455 an
942 2420 984 2455 em
997 2403 1056 2455 de
1045 2406 1167 2455 uaNu
1132 2410 1175 2437 111
1147 2408 1241 2485 mleerNj·

163 2486 329 2539 salutatione
340 2503 476 2554 uugmem
486 2489 559 2541 uide
577 2488 680 2541 llllaria
685 2489 799 2554 ,inquil,
811 2488 976 2556 coortabat
987 2487 1127 2554 qual1s
1111 2464 1162 2541 ttrtna
1165 2505 1231 2534 assota.

131 2573 247 2623 25esset
266 2572 328 2623 ista
346 2573 467 2624 salu
456 2573 511 2626 tio.
538 2571 577 2624 Et
566 2572 728 2638 angelus
748 2572 787 2623 ad
806 2588 883 2624 eam
903 2570 977 2623 Nel
969 2573 1090 2634 timeas,

161 2654 271 2720 llllaria,
290 2657 445 2707 inuenisti
463 2659 543 2708 enim
560 2658 695 2723 gratiam
713 2656 797 2722 apud
813 2656 916 2720 deum3
934 2671 1003 2708 ecce
1019 2671 1091 2708 con·

161 2739 261 2804 cipies
274 2739 304 2790 in
316 2741 407 2791 utero
420 2742 450 2791 el
462 2741 568 2806 paries
583 2740 700 2805 lilium,
714 2742 743 2792 et
755 2739 886 2792 uocabis
900 2755 1010 2792 nomen
1023 2741 1090 2791 eius

163 2820 273 2874 lesum.
298 2821 377 2875 Subit
366 2824 396 2875 to
413 2823 506 2889 puella
522 2825 617 2876 territa
634 2826 724 2875 mente
742 2826 792 2888 est,
810 2825 837 2875 et
854 2823 889 2875 de
907 2824 948 2874 sui
965 2823 1058 2874 uteri
1052 2839 1090 2874 m-

161 2907 337 2972 corruptione
354 2923 449 2960 secura
465 2923 543 2960 suam
560 2910 712 2973 interrogat
727 2910 808 2959 cas
810 2910 889 2960 atem
914 2905 984 2969 Quis
1001 2906 1050 2971 hic,
1072 2921 1090 2957 o

129 2992 228 3042 aocasti
221 2994 272 3042 itas
230 2991 389 3057 taureis,
409 2993 474 3044 noui
493 2994 629 3044 sermonis
648 2994 721 3058 porti
723 2994 767 3044 tor
785 2993 873 3045 uenit.
850 2992 880 3043 tQ
898 2991 1090 3057 <E>quidem

160 3075 262 3126 damna
283 3075 364 3127 nohis
386 3092 442 3127 non
464 3077 594 3142 inierunt,
617 3092 686 3142 quae
708 3077 856 3143 promittit
879 3075 928 3128 sed
950 3074 1091 3141 quomodo&

160 3157 260 3211 hahere
274 3159 428 3211 liliumt
379 3162 428 3225 pot
430 3161 481 3211 erit
494 3176 549 3212 non
562 3159 674 3226 copulat
676 3177 691 3211 a
704 3162 785 3212 marit
774 3161 823 3213 to?
844 3159 868 3212 lt
857 3162 920 3212 tane
937 3159 1089 3225 aliquando

159 3245 284 3310 contigit,
302 3244 437 3309 uirginem
455 3245 513 3295 sine
531 3245 605 3296 coitu
622 3245 790 3311 concepisse,
809 3247 836 3296 et
852 3246 947 3297 contra
964 3245 1089 3295 naturam

159 3326 294 3379 illibatam
317 3329 454 3395 genuisse,
477 3329 653 3395 gaudereque
676 3328 711 3380 de
734 3333 808 3395 nato,
831 3329 937 3396 pudore
960 3328 1089 3381 seruato?

127 3410 233 3464 aalludi
252 3413 327 3479 quod
344 3428 456 3479 mecum,
473 3413 594 3480 castitas,
613 3412 768 3466 admireris:
787 3413 860 3479 audi,
878 3415 996 3479 inquam,
1014 3412 1089 3479 quod

1039 3533 1089 3585 167
