2819 4040
494 349 524 390 De
536 352 625 400 tempore
637 349 739 390 barbarico

152 472 235 537 petua
248 470 360 525 hicnon
374 473 523 539 inuenitur;
537 475 560 527 si
573 489 641 528 uero
654 476 788 543 perpetua
800 472 920 526 felicitas
935 468 1083 538 quaeritur,

151 554 195 608 hic
214 557 242 609 in
261 557 372 611 saeculo
392 573 448 611 non
469 558 614 625 inuenitur,
633 561 664 613 ut
684 558 720 612 ad
740 559 900 626 perpetuam
921 554 1083 609 felicitatem

150 641 285 708 ueniatur,
305 656 490 709 quaecumque
508 643 630 696 intulerit
648 643 775 709 mundus,
794 642 996 710 patientissime
1013 637 1083 692 tole·

105 738 142 777 aso
150 727 252 779 rentur.
267 724 410 789 Quantum
423 728 466 779 est
478 728 552 780 enim
566 728 642 796 quod
654 728 797 794 toleratur,
811 729 907 781 eontra
920 724 991 779 illud
1006 721 1083 792 quod

151 810 340 876 promittitur?
354 809 424 863 Non
437 813 511 864 sunt
523 811 703 882 condignae
717 812 888 881 passiones
900 811 993 864 huius
1006 811 1083 862 tem-

150 894 239 960 poris
257 893 295 946 ad
311 893 452 947 futuram
468 894 604 961 gloriam
622 911 700 963 quae
716 895 914 950 reuelab'itur
930 896 961 948 in
978 893 1081 947 nobis,

151 976 252 1030 Nullae
268 991 337 1044 ergo
350 994 402 1032 nos
417 993 562 1045 pressurae
576 979 742 1048 deterreant,
757 979 833 1033 nulla
847 980 991 1032 calamitas
1006 978 1081 1030 fran-

146 1063 197 1129 gat
220 1059 368 1115 Dominus
381 1060 408 1114 in
422 1061 556 1131 proximo
569 1066 621 1128 est,
638 1068 735 1134 pastor
751 1067 779 1118 in
797 1066 923 1132 proximo
941 1066 994 1117 est:
1013 1061 1080 1131 quid

104 1149 256 1214 sssmetuiS,
272 1148 354 1202 ouis?

209 1232 251 1285 13.
271 1230 327 1285 Sed
345 1249 413 1300 ecce,
433 1234 463 1286 ut
481 1233 574 1301 uideo,
594 1235 699 1302 errasti,
719 1234 851 1302 quoniam*
868 1249 981 1301 gregem
1000 1232 1078 1286 dese-

147 1316 235 1383 ruisti,
254 1317 325 1369 etin
343 1316 484 1370 montibus
500 1319 623 1386 uagaris:
643 1320 723 1372 times
742 1318 845 1385 lupum,
863 1318 962 1370 metuis
980 1316 1077 1384 feram,

147 1401 308 1467 expauescis
325 1417 429 1455 canem.
447 1400 554 1469 Clama,
571 1404 602 1456 ut
619 1404 647 1455 te
664 1401 759 1455 audiat
776 1403 883 1469 pastor:
901 1400 997 1466 clama,
1015 1400 1076 1453 ouis
1122 1409 1161 1439 θυῖε
1174 1410 1194 1439 ad

1098 1458 1175 1496 pastorem
1185 1458 1216 1487 cla-

147 1500 250 1538 errans
267 1483 363 1538 Habes
379 1485 479 1539 multas
493 1499 578 1539 uoces
592 1487 620 1538 in
635 1486 705 1553 lege.
721 1485 781 1552 Dic,
796 1484 851 1538 dic:
868 1484 980 1538 Erraui
995 1486 1078 1537 sicut
1093 1507 1220 1537 martanam

102 1570 217 1622 aooouis
235 1569 371 1636 perdita.
395 1568 502 1636 Clama,
520 1572 547 1623 et
565 1570 620 1623 dic:
638 1569 753 1623 Libera
770 1585 786 1621 a
803 1568 925 1621 framea
943 1568 1076 1621 animam
1114 1555 1197 1592 Ἥρω

146 1669 255 1720 meam,
275 1654 359 1707 etde
377 1670 469 1708 manu
486 1656 575 1707 canis
592 1655 717 1707 unicam
735 1668 844 1706 meam:
863 1652 954 1706 salua
972 1668 1017 1704 me
1038 1652 1076 1704 de

146 1753 199 1791 ore
216 1738 329 1792 leonis,
346 1738 453 1805 Clama,
469 1740 497 1791 et
511 1738 568 1792 dic:
585 1737 687 1791 Periit
703 1738 781 1805 fuga
798 1754 813 1790 a
829 1753 887 1803 me,
904 1739 934 1789 et
950 1752 1011 1789 non
1028 1739 1076 1789 est

146 1823 197 1889 qui
215 1823 356 1889 inquirat
373 1823 508 1876 animam
524 1835 631 1876 meam.
649 1821 906 1876 Consideraham'
921 1822 952 1874 in
969 1821 1076 1874 dexte-

145 1922 220 1974 ram,
241 1909 268 1960 et
286 1923 346 1960 ecce
366 1902 426 1977 leoll
436 1906 583 1960 hereticus:
603 1906 814 1960 considerabam
834 1907 861 1958 in
881 1906 1029 1971 sinistram,
1049 1907 1116 1958 etfor.
1131 1919 1164 1956 192

99 2007 135 2044 sos
144 2007 205 2044 ecce
219 1991 301 2058 lupus
313 1992 454 2046 diabolus
470 1990 555 2059 Rugit
569 1992 622 2058 leo,
636 1990 748 2044 frendet
762 1990 855 2059 lupus:
870 1992 981 2043 econtra
994 1989 1076 2042 latrat

143 2077 227 2129 canis
249 2074 377 2129 Clamaui
396 2075 432 2129 ad
450 2078 489 2129 te:
510 2075 596 2129 Periit
614 2075 683 2145 fuga
703 2092 718 2129 a
737 2090 789 2128 me.
809 2073 954 2127 Clamaui
975 2073 1014 2126 ad
1032 2076 1074 2141 te,

142 2159 282 2227 domine,
304 2160 383 2214 dixi:
404 2159 451 2213 Tu
471 2176 504 2213 es
526 2175 600 2228 spes
621 2176 700 2226 mea,
721 2160 830 2227 portio
850 2174 918 2212 mea
939 2159 1075 2211 interra

142 2245 328 2298 uiuentium.
350 2244 464 2297 Libera
482 2260 528 2298 me
548 2244 586 2298 de
606 2244 752 2297 manibus
773 2244 973 2297 inimieorum
993 2259 1075 2296 meo-

142 2344 219 2396 rum,
233 2330 384 2382 eteorum
398 2330 450 2397 qui
465 2345 511 2382 me
524 2331 742 2396 persecuntur.
757 2327 900 2396 Numquid
915 2330 966 2381 iste
979 2330 1075 2395 pastor

97 2412 241 2479 rabonus
261 2414 307 2481 qui
327 2415 447 2467 animam
466 2429 543 2466 suam
557 2414 643 2481 'ponit
661 2429 713 2481 pro
731 2413 832 2467 ouibus
852 2414 918 2479 suis,
938 2411 974 2465 ad
993 2427 1073 2479 quem

141 2498 181 2549 sie
195 2497 295 2550 clamat
310 2497 376 2551 haec
392 2498 463 2564 ouis,
479 2509 540 2550 eam
553 2498 661 2551 dimisit
675 2513 766 2551 errare
782 2496 896 2563 diutius,
912 2498 959 2550 aut
975 2496 1072 2549 aforis

140 2581 184 2634 uel
202 2581 305 2648 a‘lupis
321 2597 421 2649 passus
438 2583 480 2635 est
495 2582 624 2635 dilaniari
638 2584 721 2649 ‘atque
737 2582 883 2635 consumi?
896 2579 990 2634 nostr:
1007 2581 1072 2647 quin

140 2666 226 2719 immo
239 2665 342 2718 relictis
357 2667 509 2733 nonaginta
524 2680 625 2720 nouem·
638 2667 758 2733 perrexit
772 2680 904 2733 quaerere
918 2680 998 2719 ouem
1013 2680 1072 2731 per·

139 2749 234 2803 ditam‘.
255 2748 314 2802 Nec
327 2752 391 2817 quia
403 2749 567 2804 clamantem
581 2749 695 2817 audiuit,
709 2749 775 2803 ideo
787 2750 918 2817 perrexit;
935 2747 984 2802 sed
997 2749 1068 2800 ante·

94 2849 130 2887 405
140 2848 221 2901 quam
231 2832 371 2901 clamaret,
383 2831 525 2887 numerum
537 2835 589 2887 iste
601 2834 730 2901 inspexit.
743 2833 882 2887 Numerus
893 2834 967 2886 enim
978 2834 1071 2885 ouium
1126 2867 1171 2889 rum,
1207 2826 1211 2832 ’

138 2917 311 2969 centenarius
328 2916 394 2983 fuit;
410 2932 444 2970 ex
460 2931 516 2985 quo
532 2932 646 2970 numero
662 2918 716 2970 ista
730 2917 793 2970 ouis
810 2917 920 2970 errauit.
938 2914 1071 2973 Relictis

139 3003 253 3067 autem,
275 3001 313 3053 ait
332 3001 513 3069 euangelista,
534 3002 712 3068 nonaginta
732 3015 858 3068 nouem,
879 3000 959 3054 abiit
979 3015 1071 3066 quae-

137 3098 205 3137 rere
219 3099 312 3138 unam
327 3100 407 3152 quae
422 3086 573 3153 perierat3
592 3100 673 3152 quam
689 3086 830 3138 inuentam
845 3087 872 3138 et
887 3085 1017 3138 lassatam
1032 3084 1071 3137 at-

138 3184 191 3236 que
203 3168 349 3235 fatigatam
359 3171 419 3222 suis
432 3171 590 3237 impositam
602 3169 722 3222 humeris
735 3170 889 3237 reportauit
900 3168 936 3222 ad
947 3182 1068 3234 gregem,

93 3266 130 3304 410
138 3267 336 3320 numerumque
350 3254 536 3306 centenarium
550 3252 674 3306 reddidit
688 3254 834 3321 integrum.
850 3252 915 3306 Non
929 3253 1009 3305 uacat
1023 3265 1071 3303 nu-

138 3339 205 3391 meri
223 3337 304 3390 huius
321 3339 377 3390 tam
394 3337 501 3405 grande
518 3338 678 3405 mysterium
696 3337 759 3392 dici.
778 3336 807 3390 Si
825 3338 886 3404 quis
903 3351 1071 3404 cognoscere

136 3421 286 3488 desiderat,
301 3421 368 3489 quid
381 3422 408 3474 in
422 3422 479 3474 isto'
491 3437 605 3475 numero
619 3421 704 3474 fuerit
717 3421 878 3489 figuratum,
891 3420 1070 3473 centesimum

135 3538 169 3575 ¹4*
1017 3538 1067 3590 211
