2819 4040
665 289 684 329 S.
698 289 802 339 Augustini
815 290 908 330 tractatus

366 419 439 464 XLIX.
451 418 466 462 i.
479 419 506 462 79
519 416 650 474 Apostolum
663 418 751 464 Petmm
763 419 858 474 prImum‘
868 419 968 463 omnium
978 419 1130 474 apostolorum
1142 418 1269 463 meministis

394 492 417 535 in
439 491 522 536 domini
545 492 649 545 passione
673 492 742 535 tuisse
765 491 933 537 turbatum...
955 492 1105 535 testimonium
1128 491 1269 536 dilectionis.

394 568 459 607 amen
490 599 495 610 .
528 564 602 607 EXPL'
620 598 626 609 ,
646 564 825 610 TRACTATUS
849 565 900 608 DlE
922 563 1057 609 SABDATU
1080 563 1269 610 OCTABARUM

392 635 511 679 SANCTE
523 636 617 680 PASCE
629 671 635 685 .
649 637 657 679 1
671 670 677 681 .

393 712 543 781 Augustini
558 730 649 767 sermo
665 714 726 781 147,
741 729 822 782 quem
837 714 959 768 Nlaurini
974 714 1087 781 quidem
1100 712 1175 767 haud
1189 728 1268 767 secus

335 813 365 850 ac
382 799 443 851 28ῑιηι
469 814 552 866 supra
570 800 598 852 in
615 800 686 851 serie
703 800 863 853 contionum
881 799 916 851 de
934 798 1074 866 Scriptura
1092 797 1194 851 includi
1212 813 1268 850 ma-

334 881 451 949 luerunt,
475 882 599 936 fatentur
621 885 711 936 autem
735 884 762 935 in
786 884 843 936 suis
865 899 931 937 mss.
955 883 1117 950 inscriptum
1139 881 1268 935 habitus

334 965 469 1019 sabbato
483 967 632 1034 paschae,
646 982 695 1019 seu
708 967 845 1021 sabbato
858 970 932 1036 post
944 967 1069 1035 pascha.
1090 965 1157 1034 Agit
1170 981 1267 1032 nempe

333 1050 369 1102 de
389 1050 452 1104 loco
472 1051 610 1118 euangelii
633 1050 691 1104 loh.
712 1051 755 1117 21,
777 1052 810 1104 15
832 1067 900 1119 sqq,
922 1050 1155 1118 quemadmodum
1176 1065 1267 1103 sermo

333 1134 394 1200 253,
420 1136 465 1202 qui
490 1137 517 1188 et
541 1136 601 1202 ipse
625 1137 652 1187 in
677 1137 770 1188 uetere
796 1134 966 1189 Floriacensi
990 1134 1062 1187 libro
1087 1136 1267 1202 praenotatur

332 1217 460 1271 habitus
479 1220 531 1272 die
550 1219 699 1272 sabbato:
719 1219 820 1286 quibus
838 1219 927 1273 titulis
947 1219 1040 1272 nescio
1061 1219 1127 1287 quid
1147 1218 1265 1285 amplius

333 1303 406 1369 sapit
423 1302 598 1355 uenerandae
616 1304 788 1370 antiquitatis
807 1318 876 1371 quae
894 1305 922 1356 in
939 1304 1036 1356 nostro
1053 1303 1148 1355 codice
1166 1301 1266 1369 legitur

332 1387 484 1454 inscriptio,

362 1489 385 1531 L.
399 1489 414 1532 i.
430 1490 458 1534 80
476 1489 530 1531 Ecce
546 1489 651 1532 dominus
668 1490 744 1532 itemm
762 1491 814 1543 post
830 1491 1010 1534 resurrectionem
1027 1501 1138 1546 apparens
1154 1487 1265 1543 discipulis

391 1562 511 1615 interrogat
531 1561 657 1615 apostolum
678 1562 766 1605 Petrum
780 1597 785 1613 ,
799 1595 824 1606 ..
845 1575 911 1605 nemo
932 1564 993 1606 timet
1011 1563 1067 1605 iram
1087 1562 1183 1616 potentis
1197 1595 1202 1605 .
1215 1561 1266 1605 liae·

390 1634 459 1677 rendo
475 1633 544 1677 uultui
560 1634 717 1688 omnipotentis
731 1669 736 1680 .
751 1647 813 1677 amen
828 1668 833 1678 .
848 1635 922 1677 ΕΧΜ.1
934 1668 940 1678 .
954 1633 1133 1680 TRACTATUS
1149 1634 1189 1676 DE
1204 1634 1266 1677 SAB-

391 1705 470 1748 BATU
485 1705 674 1752 OCTABARUM
689 1706 806 1750 SANCTE
821 1707 932 1754 PASCE.
947 1707 964 1749 ll
979 1740 984 1751 .

392 1782 434 1835 Dc
451 1783 548 1835 eadem
564 1784 725 1851 euangelica
741 1784 859 1837 lectione
874 1799 970 1839 uerum
986 1785 1010 1837 is
1027 1784 1148 1837 ineditus
1164 1799 1264 1851 serm0,

331 1881 499 1934 prorsusque
513 1866 625 1934 nullius,
640 1869 772 1935 quantum
786 1884 840 1936 ego
854 1869 986 1936 opinione
1000 1883 1128 1936 auguror,
1142 1868 1196 1921 nisi
1209 1866 1264 1921 Au-

329 1951 442 2017 gustini.
466 1951 544 2004 quta
559 1966 640 2018 quem
657 1949 803 2019 Dominus,
819 1952 931 2019 quando
947 1951 1060 2006 Petrum
1074 1951 1264 2018 interrogabat

330 2033 423 2087 Amas
440 2035 505 2088 me?
521 2051 572 2088 nos
588 2035 786 2102 interrogabat,
802 2036 946 2089 ecclesiam
961 2035 1162 2103 interrogabat;
1179 2036 1263 2089 simili

330 2119 416 2173 modo
439 2136 488 2173 nec
511 2119 609 2173 Petrus
632 2135 704 2173 unus
727 2120 819 2173 claues
842 2121 957 2187 accepit:
982 2119 1077 2187 ligant,
1100 2119 1214 2173 soluunt
1236 2123 1264 2173 et

329 2204 460 2271 episcopi,
472 2206 556 2257 immo
568 2204 742 2272 aliquatenus
755 2205 857 2272 singuli
869 2202 1027 2267 Christiani,
1043 2203 1187 2272 exquibus
1198 2219 1261 2256 con-

329 2290 385 2341 stat
400 2287 531 2342 ecclesiae
546 2290 725 2343 consortium.

358 2392 391 2436 Ll.
406 2392 421 2435 i.
434 2382 477 2434 81ν
492 2391 589 2436 Audistis
605 2392 698 2446 apostoli
713 2392 770 2435 Petri
785 2392 875 2436 domino
889 2393 1036 2447 interrogante
1050 2391 1213 2435 confessionem
1224 2424 1228 2432 .
1240 2424 1261 2433 ..

388 2465 519 2508 commendo
532 2466 596 2508 etiam
609 2465 630 2506 ut
643 2477 683 2519 pro
696 2466 773 2510 ceteris
784 2466 852 2508 oretis
865 2500 871 2511 .
885 2465 1020 2508 EXPLICIT
1032 2462 1211 2510 TRACTATDS
1223 2463 1263 2507 DE

387 2536 461 2580 SABD'
473 2573 478 2583 .
492 2537 681 2583 OCTABARUM
698 2537 816 2580 SANCTE
832 2537 925 2580 PASCE
938 2572 943 2582 .
958 2538 985 2580 lli
1000 2570 1005 2580 .

389 2613 431 2666 De
449 2615 547 2668 codem
564 2614 683 2667 sabbato
700 2614 853 2681 eodemque
871 2613 1008 2681 euangelii
1025 2614 1086 2666 loco
1104 2613 1190 2667 altera
1205 2612 1261 2666 Au·

326 2698 431 2764 gustini
447 2698 552 2750 inedita
566 2699 664 2751 oratio
688 2696 775 2751 Cuius
791 2698 967 2764 potissimum
981 2697 1122 2750 conclusio
1137 2697 1261 2750 notanda

327 2784 377 2848 est,
398 2784 426 2834 in
446 2798 499 2848 qua
519 2798 540 2836 s
555 2784 702 2849 episcopus
722 2798 807 2835 unum
826 2798 860 2835 ex
880 2784 1010 2849 quattuor
1028 2782 1181 2848 haereticis,
1202 2783 1260 2848 qui-

325 2865 441 2919 buscum
460 2866 505 2919 die
524 2865 699 2933 praecedenti
718 2866 879 2933 ,acrimonia
897 2865 1070 2933 disciplinae‘
1090 2866 1192 2932 egerat,
1213 2864 1259 2917 ab·

325 2951 422 3003 iuratis
443 2951 497 3003 iam
516 2949 590 3003 Arrii
611 2952 638 3004 et
658 2950 787 3003 Eunomii
809 2940 948 3003 erroribus
969 2949 1134 3003 catholicum
1155 2949 1258 3001 lactum

325 3033 460 3087 fidelibus
481 3034 664 3101 commendat,
685 3036 767 3101 atque
787 3033 839 3087 hos
859 3037 890 3087 ut
909 3050 960 3102 pro
980 3035 1078 3087 ceteris
1098 3035 1178 3087 orent
1197 3033 1259 3087 hor-

323 3114 405 3170 tatur.
430 3115 495 3179 Qua
511 3116 546 3170 de
563 3133 592 3169 re
608 3119 725 3170 occurrit
741 3118 808 3171 mihi
825 3117 975 3186 Augustini
993 3118 1112 3186 epistula
1130 3117 1182 3170 170
1199 3118 1257 3170 eius

324 3204 351 3254 et
366 3200 462 3269 Alypii
479 3202 590 3253 nomine
607 3201 643 3253 ad
658 3201 811 3254 Maximum
829 3202 965 3255 medicum
982 3201 1167 3254 Thenitanum
1184 3217 1257 3253 anno

324 3286 398 3339 forte
413 3285 467 3338 415
483 3286 593 3353 scripta.
618 3285 644 3338 Is
660 3301 694 3338 ex
710 3285 922 3340 Eunomianista
937 3287 1007 3339 iidei
1022 3285 1173 3339 catholicae
1189 3286 1258 3353 ipsis

324 3369 517 3437 praesentibus
541 3385 611 3437 ‚cum
635 3385 735 3438 magna
760 3371 930 3450 exultatione
954 3370 1051 3438 populi
1076 3368 1138 3422 Dei‘
1163 3385 1257 3423 recens

322 3488 379 3542 XVl
