2819 4040
657 328 676 370 S.
689 330 795 380 Augustini
808 333 900 372 tractatus

323 452 407 496 Caillau
420 454 442 496 et
453 452 589 507 Saint-Vves,
600 453 719 510 ‘Augustini
727 466 771 497 ser-

351 537 442 568 monum
472 525 579 569 editores:
610 525 704 569 Praeiat.
733 526 769 570 lV.

349 598 417 641 xxii.

320 672 377 715 calix
391 672 487 727 Domini,
500 671 549 726 quis
562 673 590 715 sit
603 673 636 724 32,
651 672 697 715 195.

321 747 387 800 caput
401 744 506 788 uidebant
519 745 620 800 apostoli,
635 744 662 787 de
677 756 768 797 corpore

349 817 479 861 credebant:
500 829 541 860 nos
561 816 662 860 uidemus
681 827 768 870 corpus,

350 889 378 932 de
393 890 464 945 capite
479 890 593 933 credamus
609 889 628 931 Α
643 891 662 942 7,
679 889 725 931 143.

318 962 434 1005 caritatem
460 962 541 1006 Christi
569 961 641 1004 nullus
669 961 767 1003 fidelium

348 1035 428 1078 scindit
442 1037 460 1089 2,
474 1036 512 1086 61;
525 1033 585 1089 quod
598 1033 714 1089 possident
726 1033 768 1075 Ca·

348 1107 429 1162 tholici,
447 1108 525 1151 caritas
542 1109 639 1159 uocatur,
656 1117 712 1160 quae
729 1118 768 1149 nu·

349 1193 437 1224 meroso
447 1192 577 1235 possessore
588 1179 682 1234 amplius
692 1178 768 1221 dilata·

348 1256 384 1297 tur
398 1255 432 1308 32,
446 1254 500 1304 484;
514 1252 577 1295 radix
591 1252 700 1295 bonomm
714 1263 768 1305 ope·

347 1338 402 1380 rum,
414 1327 492 1368 caritas
502 1324 522 1367 Α
531 1326 551 1378 3,
562 1325 596 1368 38.

317 1410 367 1441 caro
387 1397 475 1452 Christi,
494 1398 650 1440 uestimentum
669 1395 728 1438 illius
746 1396 765 1447 1,

348 1471 399 1521 131;
414 1470 459 1512 noli
472 1469 560 1512 horrere
574 1469 645 1512 carnis
659 1478 765 1511 resurrec-

346 1543 428 1585 tionem
441 1543 459 1596 1,
470 1543 523 1592 273;
533 1541 603 1584 carnis
614 1538 765 1594 incorruptibi-

345 1615 401 1669 litas,
413 1626 496 1657 merces
507 1613 560 1656 iidei
571 1615 605 1656 est
615 1615 635 1666 9,
646 1613 695 1655 137.

316 1688 435 1743 Carthago,
451 1687 536 1731 Africae
551 1687 617 1741 caput
631 1687 664 1738 26,
679 1686 717 1736 513
734 1683 764 1726 ibi

345 1762 445 1803 sanctum
462 1771 542 1814 corpus
558 1758 705 1801 membrorum
722 1756 764 1810 Cy-

344 1833 414 1888 priani
438 1833 470 1887 26,
485 1834 523 1883 803
548 1833 570 1875 et
593 1830 621 1873 ab
643 1828 766 1882 Augustino

344 1907 367 1948 in
382 1892 491 1960 Cypriani
501 1903 573 1947 natale
588 1915 661 1946 sermo
676 1901 763 1944 habitus

345 1979 378 2032 26,
393 1979 411 2022 2.
425 1979 464 2028 8ος
490 1976 520 2018 ibi
542 1976 608 2019 etiam
631 1975 653 2017 in
677 1972 765 2015 basilica

343 2051 459 2093 Nauarum
477 2049 575 2092 eiusdem
592 2059 665 2091 senno
682 2047 709 2089 de
726 2059 763 2089 na-

343 2122 387 2165 tale
399 2135 429 2165 ss.
441 2120 601 2164 Scillitanorum
614 2121 648 2173 30,
662 2121 686 2169 2;
699 2117 763 2161 colla-

343 2196 374 2237 tio
395 2194 584 2248 Carthaginiensis
603 2205 637 2235 an.
656 2192 695 2233 411
718 2191 762 2233 lau-

342 2266 408 2309 datur
420 2268 454 2320 32,
466 2267 519 2316 4623
532 2263 672 2320 Carthaginis
685 2263 762 2305 aVan-

343 2339 398 2381 dalis
411 2341 488 2392 captae
500 2337 547 2393 dira
558 2336 670 2380 calamitas
682 2335 762 2378 descri-

342 2412 402 2455 bitur
413 2411 432 2454 n
442 2414 462 2466 0,
474 2412 552 2462 135ss3
565 2408 760 2464 Carthaginiensis,

343 2487 367 2527 ut
379 2483 474 2538 uidetur,
487 2485 560 2526 textus
572 2482 678 2525 orationis
691 2480 761 2523 dorni-

342 2557 405 2600 nicae
419 2557 438 2598 Α
451 2557 471 2610 4,
485 2556 573 2598 16-27,

312 2629 439 2684 castigatio:
451 2630 473 2670 in
484 2629 531 2682 ipsa
542 2626 686 2681 castigatione
699 2624 760 2668 Deus

342 2713 457 2745 mensuras
471 2700 535 2743 nobis
549 2699 672 2754 incognitas
686 2698 760 2740 seruat

340 2774 393 2827 na,
407 2774 454 2816 186.

309 2847 516 2889 cathecumenorum
536 2843 635 2886 dimissio
655 2841 674 2884 Α
693 2844 712 2895 3,
727 2843 760 2883 73.

310 2917 414 2961 cathedra
432 2917 513 2959 Christi
531 2917 552 2958 in
571 2916 631 2959 caelo
649 2917 689 2968 est,
708 2914 758 2968 quia

340 2991 400 3045 prius
418 3002 471 3033 crux
487 2990 528 3031 tuit
544 2990 566 3031 in
582 2991 639 3032 terra
656 2989 689 3041 32,
706 2988 758 3038 1323

340 3063 391 3105 mali
408 3061 528 3116 praepositi
546 3059 634 3115 quando
651 3059 710 3101 bona
727 3057 758 3099 di-

339 3138 397 3190 cunt,
417 3135 521 3178 cathedra
539 3134 635 3188 loquitur
652 3134 685 3185 32,
705 3132 758 3183 351;

340 3221 353 3250 a
365 3207 467 3250 cathedra
480 3206 560 3249 Christi
574 3206 640 3261 (Petri
653 3205 683 3260 G)
696 3216 758 3246 num-

339 3292 406 3334 quam
419 3291 521 3333 separare
534 3291 557 3321 se
570 3278 619 3321 licet
632 3279 666 3331 32,
679 3278 727 3319 300.

309 3352 416 3395 Catholici
433 3364 478 3394 non
493 3351 541 3394 sine
557 3362 623 3392 causa
638 3347 757 3391 orthodoxi

338 3423 444 3466 nominati
468 3423 520 3466 sunt
542 3422 575 3476 11,
588 3422 627 3472 903
654 3419 710 3463 lalso
734 3432 758 3462 se

308 3530 362 3584 228

844 456 963 500 catholicos
974 457 1055 499 uocant
1067 456 1175 512 haeretici,
1188 458 1224 512 qui
1237 469 1261 500 se

844 529 872 572 ab
883 530 973 573 ecclesia
983 528 1096 573 Catholica
1103 531 1261 585 separauerunt

844 604 877 657 28,
891 603 924 646 86.

813 686 868 716 cena
883 686 943 729 pura,
959 685 1089 729 parasceues
1104 686 1186 717 nomen
1202 673 1260 729 apud

843 746 937 790 ludaeos
949 748 968 801 5,
981 747 1028 790 107.

813 820 944 862 cerimoniae
957 819 1078 873 principum
1092 820 1125 873 27,
1140 819 1186 862 118.

812 889 923 934 character
945 891 1026 933 Christi
1048 890 1128 933 ouibus
1150 892 1259 945 inpositus

842 964 875 1018 17,
898 965 931 1007 84.
952 965 979 1006 88
985 978 991 1015 ;
1012 962 1147 1006 characteres
1168 963 1209 1006 sibi
1231 962 1259 1005 ad

841 1035 921 1078 collum
942 1036 996 1091 ligat
1015 1037 1040 1090 is,
1060 1035 1094 1078 cui
1113 1036 1179 1090 caput
1198 1035 1259 1078 dolet

841 1109 874 1162 18,
889 1109 922 1151 54.

810 1178 945 1234 Charybdim
967 1182 1023 1224 inter
1042 1182 1064 1224 et
1084 1179 1176 1235 Scyllam
1198 1180 1258 1222 naui-

839 1266 896 1310 gans
911 1255 968 1298 iides
982 1255 1088 1298 catholica
1103 1256 1135 1308 11,
1150 1255 1183 1297 91.

810 1324 928 1369 Christiani
944 1327 997 1369 boni
1012 1327 1158 1380 inueniuntur,
1174 1326 1213 1370 sed
1230 1325 1257 1368 ab

838 1398 864 1439 iis
886 1398 923 1452 qni
942 1397 996 1441 boni
1016 1400 1067 1441 sunt
1088 1399 1169 1453 18,79;
1194 1398 1257 1452 pauci

838 1472 896 1524 sunt,
911 1470 986 1513 sedin
1000 1471 1164 1525 comparatione
1179 1470 1256 1512 multo-

838 1554 886 1584 rum
897 1543 929 1597 18,
939 1544 964 1585 91
973 1556 978 1594 ;
988 1542 1126 1585 Christianus
1136 1541 1257 1586 catholicus

839 1616 872 1669 28,
885 1616 938 1665 230;
950 1628 991 1658 nos
1004 1614 1121 1658 Christiani
1133 1626 1177 1657 non
1190 1613 1255 1657 debe-

838 1699 887 1729 mus
904 1699 949 1730 non
966 1687 1099 1742 intellegere,
1117 1685 1177 1740 quod
1194 1686 1255 1728 intel-

837 1759 890 1802 lexit
907 1760 981 1801 nescio
999 1759 1047 1813 quis
1065 1760 1141 1802 auctor
1157 1770 1255 1814 pagano·

837 1843 884 1873 rum
902 1832 935 1885 31,
946 1832 972 1873 76
978 1844 984 1882 ;
1000 1843 1045 1873 non
1062 1831 1151 1885 propter
1167 1830 1256 1872 felicita·

837 1905 881 1946 tem
910 1905 1018 1946 terrenam
1041 1902 1158 1946 Christiani
1180 1901 1254 1945 effecti

836 1987 912 2017 sumus
926 1974 945 2016 A
957 1977 976 2029 9,
987 1976 1034 2017 205.

807 2047 919 2090 Christus:
939 2048 1006 2101 Deus,
1025 2047 1105 2090 Christi
1123 2048 1186 2101 pater
1204 2047 1253 2089 ante

837 2123 936 2162 uentrem
951 2120 1033 2173 matris,
1047 2119 1074 2162 de
1087 2121 1166 2162 uentre
1179 2119 1254 2161 matris

835 2193 890 2234 deus
911 2190 991 2234 Christi
1012 2191 1123 2245 14,54ss;
1144 2202 1188 2233 non
1209 2191 1255 2233 erat

837 2276 941 2318 magnum
958 2264 1046 2306 Christo
1061 2276 1110 2306 esse
1126 2262 1253 2318 quoderat,

835 2337 874 2379 sed
896 2348 1001 2390 magnum
1022 2336 1070 2379 tieri
1090 2335 1150 2390 quod
1171 2334 1253 2377 iecerat

836 2409 868 2461 12,
883 2409 920 2459 273
950 2419 999 2449 curn
1022 2406 1118 2450 Verbum
1147 2408 1169 2449 et
1194 2405 1253 2449 Deus

834 2480 901 2534 longe
922 2481 980 2523 esset
1000 2493 1012 2522 a
1031 2492 1095 2522 carne
1115 2480 1137 2521 et
1156 2478 1252 2533 homine,

835 2551 932 2595 Verbum
948 2552 1029 2594 iactum
1045 2553 1078 2594 est
1093 2564 1150 2605 caro,
1166 2552 1188 2594 et
1201 2563 1253 2593 con·

834 2624 903 2667 iunxit
914 2624 1025 2666 hominem
1034 2623 1082 2666 Deo
1093 2624 1173 2677 28,10;
1184 2621 1253 2665 multo

833 2697 944 2739 difficilius
964 2697 1058 2740 creditur
1075 2696 1174 2750 spiritum
1194 2694 1253 2737 carni

833 2780 899 2822 quam
917 2768 987 2810 Deum
1009 2767 1092 2809 homini
1114 2779 1180 2821 posse
1202 2766 1253 2807 mis-

833 2841 876 2884 ceri
892 2842 911 2893 3,
928 2842 966 2891 ra;
985 2840 1040 2883 sicut
1055 2839 1123 2882 homo
1137 2851 1165 2881 ex
1180 2838 1252 2880 anima

832 2911 933 2953 rationali
949 2911 1036 2960 constat
1051 2912 1074 2953 et
1089 2922 1160 2963 carne,
1177 2909 1207 2952 ita
1223 2921 1252 2951 ex

834 2983 882 3025 Deo
896 2994 944 3025 cunr
958 2981 1047 3024 homine
1060 2981 1179 3024 commixto
1192 2992 1250 3023 unus

832 3056 866 3098 est
885 3054 985 3097 Christus
1004 3056 1024 3109 3,
1043 3055 1075 3097 69.
1095 3055 1134 3104 78;
1153 3052 1250 3095 Verbum

834 3128 875 3170 Dei
889 3128 970 3170 iactum
985 3130 1018 3170 est
1031 3139 1088 3180 caro,
1102 3138 1147 3168 non
1160 3137 1250 3168 conuer-

831 3201 894 3242 sione
910 3200 932 3241 in
948 3212 1042 3252 carnem,
1058 3198 1097 3240 sed
1114 3197 1249 3240 assumtione

831 3273 902 3315 carnis
920 3273 953 3327 28,
972 3272 1009 3322 1a;
1027 3284 1077 3313 caro
1095 3270 1175 3312 Christi
1192 3269 1250 3312 illius

831 3345 986 3387 uestimentum
998 3342 1050 3386 fuit:
1059 3343 1145 3385 uestem
1155 3342 1249 3396 intueor,

831 3419 853 3460 et
862 3418 968 3460 uestitum
977 3415 1046 3459 adoro
1056 3416 1075 3469 1,
1086 3416 1124 3456 131
1132 3428 1138 3465 ;
1148 3413 1249 3457 Christus
