2819 4040
446 344 531 385 XXXIII.
545 346 575 386 De
587 347 667 386 muliere
681 347 773 386 Capanea

146 474 257 543 peccata
269 472 322 524 ista
332 471 374 523 cui
387 486 443 524 non
456 474 519 524 sunt
531 488 638 540 magna,
651 473 760 526 dubitat
773 468 777 542 Ι
791 473 818 525 in
831 471 886 524 illis
899 483 1076 538 perseuerare
1086 479 1130 518 rau

147 556 247 625 quibus
271 555 403 607 dominus
430 553 508 608 dicit:
541 555 657 623 Dicite,
689 556 823 610 Dimitte
847 556 941 609 nobis
966 554 1077 608 debita

104 642 266 698 nonostra.
283 638 541 706 Quantumcumque
557 641 720 709 proficiatis,
735 642 983 708 concupiscentiam
1000 639 1076 692 illam

147 728 175 778 in
191 724 273 777 uobis
288 724 405 778 habetis.
421 722 577 791 Antequam
593 743 666 780 mors
684 728 865 781 absorbeatur
880 729 907 779 in
923 728 1076 791 uictoriam,

147 824 214 876 ergo
234 808 328 861 dicite:
348 806 482 862 Dimitte
501 811 593 863 nobis
613 812 723 866 debita
742 814 860 866 nostra.
881 811 975 865 Nolite
993 813 1076 878 caput

147 896 175 946 in
185 892 345 960 superbiam
356 894 469 960 erigere,
481 893 563 946 deum
574 896 678 948 timete:
691 895 742 949 sub
753 897 834 949 uenia
844 897 971 948 uiuimus.
985 894 1076 948 Dicite

147 993 181 1031 ex
203 978 264 1030 toto
285 976 377 1043 corde,
402 976 535 1030 Dimitte
558 978 651 1033 nohis
674 979 784 1033 debita
807 982 925 1033 nostra.
955 980 1017 1033 Hoc
1040 979 1075 1031 de

105 1079 138 1117 115
147 1061 312 1129 praeteritis
333 1061 386 1113 hoc
405 1060 439 1114 de
460 1061 551 1128 tactis,
572 1062 607 1115 dc
628 1064 716 1130 dictis,
738 1063 773 1116 de
793 1063 1019 1130 cogitationibus:
1040 1063 1075 1115 de

147 1145 258 1211 futuris
277 1144 363 1211 quid?
380 1143 490 1212 Audite,
507 1147 535 1198 et
551 1146 633 1199 dicite
650 1146 726 1214 quod
743 1149 876 1215 sequitur:
895 1147 939 1200 Ne
956 1164 1013 1201 nos
1031 1149 1076 1200 in-

147 1230 234 1283 feras
255 1230 286 1282 in
305 1230 536 1283 temtationem.
556 1230 698 1297 Vigilate
718 1233 749 1284 et
769 1233 869 1296 orate,
890 1247 927 1283 ne
947 1232 1075 1284 intretis

147 1315 177 1367 in
196 1314 425 1366 temtationem„
443 1311 521 1379 Quid
540 1316 589 1380 est,
609 1315 710 1367 intrare
729 1315 757 1367 in
775 1314 983 1367 temtationem?
1002 1314 1075 1368 Con-

147 1397 249 1450 sentire
262 1396 351 1450 malae
363 1398 607 1463 concupiscentiae.
622 1397 817 1452 Consensisti?
831 1399 950 1451 intrasti:
964 1398 1007 1450 uel
1021 1400 1075 1450 cito

105 1483 198 1537 noexi.
213 1480 369 1549 Antequam
381 1482 477 1535 uenias
492 1482 527 1534 ad
541 1486 689 1549 peccatum,
704 1482 798 1535 occide
811 1497 975 1535 consensum
987 1484 1075 1534 tuum:

146 1564 238 1633 gaude
250 1580 306 1618 non
316 1567 343 1618 te
354 1564 463 1632 fecisse,
476 1567 615 1633 paeniteat
625 1570 652 1619 te
663 1566 809 1633 cogitasse.

204 1655 231 1710 4.
257 1655 376 1722 Fratres,
398 1656 547 1709 habeamus
570 1672 618 1708 cor
639 1657 804 1723 sapientem:
827 1656 971 1707 timeamus
994 1655 1075 1707 deum

146 1755 247 1807 magna
257 1742 472 1807 promittentem,
481 1740 615 1793 terribilia
625 1741 846 1793 comminantem.
856 1739 919 1791 Vita
930 1740 984 1791 ista
994 1754 1076 1805 quan-

147 1825 239 1891 do‘quc
255 1825 381 1878 finienda
395 1827 445 1878 est.
466 1824 573 1878 Videtis
589 1825 653 1891 quia
667 1823 782 1876 cottidie
796 1822 859 1875 hinc
872 1824 1016 1875 transeunt
1029 1822 1076 1875 ho-

104 1910 246 1963 namines:
270 1924 345 1961 mors
366 1908 479 1961 differri
502 1910 602 1974 potest,
627 1907 730 1961 auferri
753 1923 809 1960 non
832 1908 932 1973 potest.
954 1906 1076 1958 Velimus

147 1992 277 2059 nolimus,
300 1994 358 2045 uita
380 1994 434 2046 ista
457 1992 584 2045 finienda
608 1994 661 2057 est;
686 1992 762 2044 illam
786 1991 983 2056 desideremus,
1008 2005 1076 2058 quae

146 2076 234 2129 linem
249 2092 305 2129 non
320 2076 414 2142 habet;
430 2076 466 2129 ad
482 2091 563 2144 quam
578 2077 664 2128 uitam
679 2091 735 2128 non
750 2077 792 2127 est
807 2090 860 2141 qua
875 2076 1008 2140 transeaS,
1024 2075 1076 2126 nisi

146 2176 195 2227 per
218 2162 343 2214 mortem.
375 2159 440 2213 Non
460 2161 606 2214 timeamus
627 2175 694 2227 ergo
715 2159 793 2226 illud,
816 2160 891 2226 quod
912 2160 1076 2226 quandoque

146 2246 292 2298 uenturum
304 2247 357 2309 est;
369 2243 439 2297 illud
449 2245 604 2310 timeamus
617 2244 692 2311 quod
704 2244 727 2296 si
739 2244 853 2309 uenerit,
865 2245 892 2295 et
903 2244 1077 2309 occupauerit

105 2344 198 2385 raonos
215 2329 386 2396 inpeccatis,
402 2327 486 2381 trahit
503 2344 554 2381 nos
571 2344 626 2381 non
643 2328 679 2380 ad
694 2326 875 2394 temporalem
892 2327 941 2380 sed
958 2328 993 2379 ad
1009 2343 1076 2380 sem·
1090 2352 1217 2383 primianum

1084 2402 1164 2438 peccatum,
1181 2409 1226 2436 qnam

146 2415 282 2480 piternam
295 2415 422 2466 mortem:
435 2413 510 2480 quod
523 2415 630 2466 auertat
641 2412 710 2465 deus
724 2413 758 2464 ab
770 2412 908 2478 omnibus
921 2414 948 2464 et
960 2428 975 2463 a
988 2412 1076 2477 nobiS,
1131 2457 1177 2478 „m

146 2500 173 2549 et
192 2513 208 2549 a
225 2497 316 2550 uobis,
335 2495 363 2562 Ο
382 2497 474 2563 homo,
495 2513 550 2549 non
568 2498 649 2549 times
669 2498 697 2549 in
716 2499 856 2550 aeternum
876 2497 954 2562 mori,
974 2498 1019 2563 qui
1039 2497 1077 2547 sic

147 2582 207 2647 agis
226 2581 300 2633 utin
319 2582 460 2633 aeternum
478 2583 587 2647 tempus
606 2582 729 2648 puniaris
749 2584 795 2633 aut
813 2580 959 2633 moriaris?
983 2580 1077 2632 Timor

146 2665 227 2716 huius
242 2666 340 2717 mortis
353 2667 381 2717 te
395 2665 502 2731 doceat,
518 2666 659 2732 quomodo
674 2667 711 2718 sit
725 2681 798 2718 mors
813 2666 961 2718 metuenda
975 2665 1076 2718 futura.

105 2747 240 2801 raaTimes
258 2751 386 2802 mortem:
408 2750 541 2816 numquid
560 2750 662 2802 euades
680 2750 816 2803 mortem?
836 2750 911 2803 Velis
931 2750 1011 2817 nolis,
1032 2765 1077 2801 ne-

146 2847 223 2884 cesse
237 2834 321 2886 estut
334 2834 436 2886 ueniat.
456 2833 549 2886 Times
563 2837 687 2900 mortem,
702 2833 764 2900 plus
778 2833 864 2886 debes
877 2835 973 2887 timere
986 2849 1077 2900 pecca·

146 2918 215 2969 tum:
232 2932 281 2984 per
294 2921 435 2984 peccatum
449 2919 521 2969 enim
535 2920 650 2971 moritur
664 2919 762 2985 anima,
777 2922 918 2985 peccatum
931 2919 1019 2971 hostis
1036 2920 1078 2971 est

147 3003 254 3053 animae
269 3003 340 3055 tuae.
362 3001 387 3054 Α
403 3006 514 3070 peccato
530 3005 620 3055 autem
636 3002 802 3069 quandoque
818 3004 947 3056 solueris:
969 3004 1018 3055 sed
1035 3019 1078 3055 so-

147 3085 220 3139 lutus
237 3103 252 3138 a
266 3086 438 3153 conpedibus
454 3087 679 3153 corruptibilibus
694 3088 792 3154 carnis,
808 3088 873 3140 uide
889 3104 922 3139 ne
937 3088 1077 3155 gehennae

105 3170 318 3236 noconpedibus
335 3169 466 3236 alligeris.
489 3169 611 3237 Solutus,
628 3171 698 3223 liber
713 3187 774 3224 esse
790 3172 885 3238 debeS,
902 3189 957 3225 non
973 3187 1077 3226 seruus,

147 3252 252 3306 Cauetc
274 3253 398 3321 fraudes,
420 3257 533 3321 propter
555 3254 631 3306 illam
652 3257 902 3323 concupiscentiam
924 3272 992 3323 quae
1015 3271 1078 3309 aua-

146 3337 209 3389 ritia
227 3340 352 3391 uocatur:
374 3339 468 3390 cauete
486 3340 578 3405 turpia
596 3339 678 3406 lucra,
697 3343 812 3406 propter
830 3341 1078 3407 concupiscentiam

147 3436 217 3487 quae
232 3423 348 3474 auaritia
361 3425 487 3485 uocatum
503 3423 566 3488 quia
581 3424 607 3474 et
621 3425 682 3491 ipsa
697 3426 834 3477 auaritia
848 3425 940 3477 radix
954 3427 1002 3476 est
1016 3440 1079 3477 om-

146 3553 160 3585 S.
168 3556 249 3592 augustini
261 3558 337 3587 tractatus.
370 3552 390 3588 ll
1029 3542 1075 3595 lOl
