2819 4040
634 322 653 359 S.
667 321 771 370 Augustini
785 323 876 360 tractatus

305 450 307 460 ’
362 449 389 505 ’4.
409 449 497 517 Quod
517 453 608 505 autem
629 450 759 506 Christus
780 453 903 507 ostendit
922 449 1122 506 resurrectione
1141 466 1238 519 corpo·

305 538 342 589 ris
361 536 411 602 sui,
428 536 498 589 bene
516 535 639 589 uiuendo
657 537 769 603 incipite
787 538 949 605 spiritaliter
966 552 1055 603 agere.
1081 535 1154 588 lllud
1171 539 1281 589 uer0¹35

305 622 404 688 ipsum,
423 621 452 673 id
470 624 519 688 est,
539 623 628 689 ipsam
646 623 853 689 proprietatem,
873 625 960 689 ipsam
978 620 1130 687 ueritatem,
1149 621 1238 687 ipsam

304 708 393 759 carnis
406 707 703 776 incorruptibilitatem,
717 708 804 761 modo
817 710 903 762 nolite
916 723 1037 775 sperare:
1053 722 1155 759 merces
1168 705 1238 758 fidei

304 796 354 860 est,
374 794 459 846 finito
477 794 523 848 die
542 795 668 848 redditur
685 807 799 848 merces,
826 795 906 849 Nunc
925 796 952 848 in
971 794 1052 847 uinea
1071 793 1237 859 laboremus,

304 880 391 933 finem
415 881 471 934 diei
493 884 679 949 expectemus:
703 884 749 949 qui
774 899 825 936 nos
849 885 921 937 enim
944 881 1085 948 conduxit,
1108 883 1138 934 ut
1161 881 1238 933 labo-

303 985 403 1037 remuS,
425 987 482 1024 non
502 988 554 1025 nos
576 972 687 1037 deserit,
709 987 744 1024 ne
765 972 940 1025 deficiamus.
968 970 1060 1025 Pascit
1080 970 1237 1037 operarium
1246 972 1282 1009 ¹4⁰

303 1056 485 1125 laborantem,
505 1060 551 1126 qui
570 1060 594 1111 ei
613 1060 761 1126 praeparat
780 1059 886 1113 donare
905 1060 951 1112 die
970 1058 1053 1111 linito
1073 1055 1237 1110 mercedem:

304 1145 342 1197 sic
359 1147 386 1198 et
402 1147 489 1200 modo
506 1148 635 1199 dominus
653 1146 813 1200 laborantes
831 1149 859 1199 in
875 1148 928 1200 boc
944 1146 1054 1200 saeculo
1072 1145 1159 1212 pascit
1176 1159 1236 1210 nos,

303 1248 360 1285 non
384 1234 476 1287 solum
498 1234 560 1287 cibo
583 1235 697 1301 uentriS,
723 1235 773 1287 sed
798 1236 881 1288 etiam
904 1234 967 1288 cibo
990 1233 1098 1287 mentis.
1127 1231 1156 1285 Si
1180 1246 1236 1283 non

303 1323 437 1388 pasceret,
454 1337 508 1389 ego
524 1337 580 1373 non
598 1321 736 1388 loquercr;
755 1321 819 1388 quia
835 1321 922 1374 uerbo
939 1322 1035 1388 pascit,
1052 1320 1105 1373 hoc
1122 1321 1237 1387 agimuS,

304 1408 350 1473 qui
370 1423 433 1461 eum
450 1410 551 1462 uestris
571 1424 626 1462 non
645 1408 789 1462 uentribus
809 1408 858 1461 sed
879 1408 1017 1461 mentibus
1037 1406 1280 1474 praedicamus.¹⁴5

305 1493 466 1549 Esurientes
484 1497 615 1563 accipitis,
632 1496 774 1563 epulando
791 1495 923 1549 laudatis:
948 1494 1015 1562 quid
1033 1496 1075 1546 est
1092 1493 1166 1561 quod
1183 1494 1237 1546 cla-

304 1583 395 1649 matis,
415 1584 438 1635 si
457 1583 493 1636 ad
512 1585 617 1636 mentes
636 1586 743 1636 uestras
764 1583 840 1636 nulla
859 1598 922 1635 esca
940 1582 1085 1649 peruenit?
1109 1579 1165 1634 Sed
1184 1595 1236 1632 nos

304 1666 372 1732 quid
393 1667 507 1721 sumus?
532 1667 656 1720 Ministri
677 1668 745 1733 eius,
767 1669 841 1720 serui
862 1669 933 1720 eius:
961 1683 1017 1720 non
1038 1668 1111 1719 enim
1132 1667 1236 1731 nostra,

304 1751 354 1804 sed
376 1753 412 1804 de
432 1752 545 1806 cellario
568 1754 655 1820 ipsius
677 1753 855 1821 proterimus,
879 1752 955 1819 quod
976 1750 1058 1804 uobis
1079 1764 1235 1817 erogamus¹

304 1836 372 1889 Inde
391 1839 419 1890 et
437 1855 488 1891 nos
508 1840 636 1905 uiuimuS,
655 1841 720 1905 quia
738 1839 865 1892 conserui
884 1853 987 1890 sumus
1014 1835 1050 1889 Et
1069 1835 1136 1903 quid
1153 1834 1279 1888 uobis1⁵⁰
1307 1865 1309 1868 .

258 1917 400 1991 suminis!
416 1925 532 1975 tramus:
558 1940 656 1991 panem
675 1924 772 1991 ipsius
791 1940 827 1976 an
846 1939 946 1991 panem
965 1922 1075 1989 ipsum?
1098 1919 1235 1988 Quisquis

301 2007 441 2061 hominem
463 2011 619 2076 operarium
639 2009 819 2063 conduxisset
840 2009 876 2063 ad
897 2011 1007 2063 uineam
1028 2025 1114 2075 suam,
1136 2024 1236 2076 panem

301 2096 342 2149 illi
354 2099 452 2163 posset
462 2099 537 2164 dare,
550 2114 605 2151 non
617 2114 655 2152 se.
674 2098 803 2151 Christus
815 2113 845 2150 se
856 2098 949 2165 ipsum*
958 2096 1008 2149 dat
1018 2096 1152 2163 operariis
1165 2096 1234 2147 suis:

148 2186 331 2272 ffiississssssffse
345 2183 435 2249 ipsum
449 2186 573 2250 praestat
586 2185 613 2236 in
627 2200 706 2250 pane,
720 2200 750 2236 se
763 2185 854 2250 ipsum
868 2184 961 2235 seruat
974 2182 1001 2234 in
1015 2180 1148 2234 mercede.
1169 2180 1235 2233 Non

158 2257 344 2320 seruaturus-'est
363 2270 394 2321 ut
412 2269 549 2322 dicamus:
576 2268 604 2322 Si
625 2269 711 2323 modo
732 2284 794 2322 eum
809 2268 1020 2333 manducamus
1041 2269 1068 2320 in
1089 2267 1147 2319 line
1168 2266 1278 2334 quidus

200 2331 241 2361 ‘ede'
301 2352 484 2407 habebimus?
497 2353 557 2407 Nos
570 2355 776 2420 manducamus,
790 2355 840 2407 sed
853 2356 912 2421 ipse
925 2370 981 2406 non
993 2353 1101 2406 finitur:
1115 2354 1235 2405 esurien-

300 2441 342 2492 tes
364 2440 463 2506 reficit,
484 2441 534 2493 sed
555 2443 615 2508 ipse
637 2457 693 2494 non
715 2440 820 2494 deficit.
849 2440 940 2493 Pascit
960 2438 1045 2493 modo
1066 2439 1233 2506 laborantes,

302 2527 400 2594 quibus
420 2531 512 2581 manet
529 2530 636 2596 integra
656 2545 767 2582 merces.
794 2527 871 2591 Quid
889 2530 962 2582 enim
980 2528 1078 2581 melius
1097 2530 1233 2595 accepturi

301 2630 404 2681 sumus,
421 2630 502 2682 quam
518 2616 629 2683 ipsum?
651 2614 680 2669 Si
697 2616 803 2683 aliquid
820 2632 849 2668 se
865 2616 962 2669 melius
979 2615 1100 2682 haberet,
1117 2615 1169 2669 hoc
1186 2615 1233 2668 da·

300 2703 353 2753 ret:
371 2701 421 2753 sed
434 2702 488 2755 deo
503 2702 570 2755 nihil
585 2706 628 2756 esi
641 2704 748 2770 meliuS,
764 2706 791 2755 et
805 2702 934 2756 Christus
949 2703 1017 2755 deus
1032 2704 1081 2755 est.
1101 2701 1232 2768 Attende,
1243 2716 1277 2774 roo

301 2787 335 2839 ln
349 2789 510 2855 principio
523 2792 590 2842 erat
601 2789 750 2856 Verbum,
764 2792 794 2842 et
808 2789 942 2844 Verbum
955 2791 1023 2842 erat
1036 2789 1119 2857 apud
1132 2790 1232 2857 deum,

299 2877 329 2949 et
349 2876 428 2928 deus
454 2879 521 2929 erat
546 2876 694 2930 Verbum:
724 2877 784 2929 hoc
810 2879 875 2929 erat
904 2878 934 2929 in
961 2878 1122 2944 principio
1148 2876 1233 2945 apud

299 2963 399 3016 deum.
427 2963 489 3016 Hoc
507 2966 568 3031 quis
587 2966 679 3032 capit?
699 2968 760 3032 quis
780 2966 906 3032 colligit?
925 2968 986 3032 quis
1007 2965 1146 3019 intuetur?
1172 2967 1232 3032 quis

298 3050 520 3117 contemplatur?
546 3053 606 3119 quis
626 3054 710 3119 digne
729 3053 853 3119 cogitat?
880 3052 978 3106 Nemo.
1004 3053 1140 3106 Verbum
1159 3067 1232 3106 caro

299 3137 419 3190 tactum
438 3140 497 3204 est,
515 3141 546 3191 et
562 3140 724 3193 habitauit
742 3142 773 3192 in
792 3139 895 3193 nobis.
917 3138 963 3192 Ad
981 3139 1032 3192 hoc
1049 3143 1077 3192 te
1096 3142 1183 3204 uocat,
1202 3141 1275 3192 ut10⁵

298 3225 442 3290 operarius
460 3224 578 3278 labores.
600 3225 719 3279 Verbum
737 3242 801 3279 caro
818 3226 922 3279 tactum
939 3228 990 3278 est.
1012 3225 1101 3279 Vocat
1116 3228 1143 3278 te
1160 3227 1230 3292 ipse:

298 3312 349 3364 erit
367 3311 427 3364 laus
445 3313 492 3364 tua
509 3310 638 3381 Verbum,
656 3313 787 3366 dominus
805 3314 857 3369 erit
873 3329 976 3366 merces
994 3314 1049 3367 tua.

175 1572 268 1602 declamatio

175 1620 269 1651 auditorum.

296 3503 331 3561 34
