2819 4040
651 350 669 389 S.
684 350 787 401 Augustini
801 352 893 391 tractatus

302 473 400 526 cesset.
417 471 625 541 Resurge<re>
641 478 740 541 autem,
756 476 825 528 etin
841 478 981 530 aeternum
995 477 1097 541 uiuere,
1113 477 1174 543 quis
1189 493 1239 530 no·

302 556 399 609 uerat?
424 556 486 610 Hoc
504 572 607 610 nouum
625 557 718 611 attulit
735 559 771 611 ad
788 561 929 627 regionem
947 560 1079 625 nostram,
1097 559 1143 627 qui
1160 560 1269 612 ueniter

302 657 335 693 ex
358 641 421 695 deo.
452 640 552 694 Factus
575 643 617 694 est
638 658 689 709 pro
711 642 823 696 homine
846 644 937 709 homo,
961 659 1061 710 magna
1082 643 1235 695 miseratio:

303 723 393 777 factus
405 724 499 791 homo,
511 724 602 779 factor
613 726 742 780 hominis.
761 726 826 781 Non
838 731 896 782 erat
907 741 1037 794 magnum
1049 725 1163 780 Christo
1175 741 1237 780 esse

302 808 378 875 quod
390 811 460 862 erat:
479 809 529 862 sed
542 825 672 877 magnum
684 826 746 863 esse
758 811 857 878 uoluit,
869 811 932 864 fieri
946 810 1021 878 quod
1034 808 1145 863 fecerat.
1158 807 1237 877 Quid

301 894 351 958 est,
371 892 435 945 fieri
453 893 530 960 quod
548 892 672 947 fecerat?
697 893 771 946 Fieri
789 894 881 961 homo,
901 896 947 962 qui
965 893 1104 947 hominem
1122 892 1235 946 fecerat.

302 975 379 1029 Haec
395 979 438 1029 est
454 978 597 1031 miseratio
614 979 681 1032 eius
1243 989 1268 1027 ³0

360 1062 385 1115 2.
404 1060 506 1115 Totum
525 1063 601 1130 quod
619 1064 711 1130 agitur
728 1064 755 1115 in
773 1064 827 1116 ista
845 1065 911 1130 uita,
930 1065 958 1117 in
976 1078 1029 1132 qua
1046 1061 1144 1116 uolunt
1161 1060 1236 1115 beati

300 1161 361 1198 esse
382 1145 518 1213 homines
540 1149 568 1200 et
588 1163 643 1200 non
664 1150 845 1214 possunt...
875 1147 982 1201 Bonum
1003 1149 1045 1200 est
1066 1148 1139 1199 enim
1159 1145 1236 1213 quod

300 1230 382 1283 ualde
394 1231 502 1299 uolunt,
515 1232 566 1285 sed
579 1248 634 1284 non
647 1233 674 1284 in
688 1232 802 1299 regione
815 1248 865 1286 sua
878 1234 1012 1300 quaerunt
1025 1231 1100 1299 quod
1112 1231 1235 1297 cupiunt.

301 1313 385 1368 Certa
408 1330 533 1383 quaeque
554 1317 626 1368 enim
649 1317 676 1368 in
699 1317 757 1368 suis
779 1316 940 1383 regionibus
963 1318 1119 1369 nascuntur.
1150 1312 1185 1367 Et
1207 1315 1235 1366 in

299 1400 372 1452 terra
386 1415 442 1452 non
455 1399 558 1467 ubique
572 1399 694 1453 nascitur
707 1415 812 1467 aurum,
826 1416 882 1454 non
896 1400 997 1467 ubique
1012 1401 1163 1466 argentum,
1178 1412 1266 1453 nonas

299 1483 401 1551 ubique
416 1484 571 1552 plumbum:
593 1486 670 1551 ipsae
685 1484 782 1551 fruges
797 1484 869 1538 aliae
883 1485 949 1538 alibi
965 1484 1142 1552 proueniunt:
1164 1485 1235 1536 sicut

300 1583 424 1635 quaeque
439 1569 517 1635 regio
531 1569 626 1622 tulerit
639 1569 683 1621 uel
698 1571 875 1635 recusauerit,
890 1570 944 1622 alia
959 1584 1041 1636 poma
1056 1569 1083 1620 in
1098 1567 1148 1621 iilo
1163 1569 1234 1634 loc0,

299 1652 354 1705 alia
372 1654 400 1704 in
418 1652 468 1722 illo
486 1654 558 1706 etin
576 1653 634 1719 illo,
652 1654 764 1706 diuersa
782 1669 832 1720 per
849 1653 971 1718 diuersa3
992 1655 1020 1705 et
1037 1652 1104 1705 nihil
1121 1652 1233 1719 ubique,

148 1734 352 1821 {ffgfflffinisi
373 1739 448 1790 nasci
467 1740 495 1790 et
514 1739 593 1792 mori.
618 1738 813 1792 Verumtamen
832 1737 884 1791 hoc
903 1738 993 1804 ipsum
1013 1737 1088 1789 nasci
1108 1737 1135 1789 et
1154 1736 1233 1801 mori,

298 1836 355 1874 non
374 1821 409 1874 de
427 1822 559 1875 uniuerso
577 1821 690 1888 mundo,
709 1821 759 1874 sed
777 1821 813 1874 de
831 1823 893 1888 ipsa
912 1823 989 1888 parte
1008 1820 1106 1873 infima
1124 1819 1266 1873 mundiora

298 1906 325 1957 in
340 1905 424 1959 caelis
438 1907 511 1959 enim
525 1923 582 1961 non
596 1910 638 1960 est
651 1908 726 1960 nasci
741 1909 768 1958 et
782 1907 860 1973 mori,
875 1923 909 1959 ex
923 1921 977 1974 quo
992 1905 1030 1957 ibi
1043 1905 1155 1959 condita
1169 1906 1234 1958 sunt

298 1991 400 2043 omnia.
421 1989 530 2044 Cadere
545 1992 610 2044 inde
624 1992 715 2059 potuit
728 1992 855 2058 princeps
870 1991 982 2058 quidam
996 1985 1158 2057 angelorum
1171 2005 1233 2043 cum

298 2074 381 2127 sociis
403 2076 472 2140 suis;
494 2075 545 2127 sed
567 2091 618 2142 pro
640 2075 709 2143 ipsis
731 2076 777 2142 qui
799 2075 957 2129 ceciderunt
978 2074 1084 2142 angelis
1106 2074 1233 2127 homines

297 2158 362 2211 illuc
376 2160 485 2212 uenturi
498 2161 571 2226 sunt,
586 2162 613 2212 et
626 2159 781 2227 implebunt
795 2160 884 2213 locum
898 2174 996 2212 eorum
1008 2159 1054 2227 qui
1067 2158 1232 2212 ceciderunt.

296 2242 372 2310 ,Quia
392 2260 460 2311 ergo
479 2244 611 2298 diabolus
631 2244 702 2298 uidit
722 2245 861 2299 hominem
883 2260 1058 2298 ascensurum
1078 2243 1152 2297 unde
1172 2244 1264 2311 ipseo

252 2342 286 2379 mv
297 2328 441 2395 ceciderat,
456 2329 536 2395 uidit,
549 2326 554 2400 Ι
574 2332 601 2382 et
615 2329 727 2382 inuidit:
740 2330 847 2396 cecidit,
861 2331 889 2382 et
902 2328 1009 2382 deiecit.
1030 2327 1085 2381 Sed
1100 2327 1167 2396 quid
1181 2332 1232 2394 est,

298 2413 374 2479 quod
396 2413 526 2467 diabolus
548 2414 666 2467 cecidit?
693 2414 760 2481 quid
781 2416 831 2479 est,
854 2414 930 2481 quod
951 2413 1090 2467 hominem
1113 2413 1232 2466 deiecit?

296 2495 400 2550 Totum
417 2497 491 2563 uicit,
508 2499 554 2564 qui
572 2514 627 2550 non
643 2498 749 2563 cecidit,
767 2498 817 2550 sed
833 2496 985 2550 descendit.
1010 2496 1119 2549 Cecidit
1135 2496 1230 2550 homo:

296 2580 442 2633 descendit
456 2580 533 2647 deuS,
548 2583 575 2634 et
589 2580 679 2634 iactus
693 2583 736 2634 est
749 2581 842 2635 homo.
864 2581 921 2634 Ubi
936 2596 1003 2649 ergo
1017 2580 1140 2633 abundat
1155 2581 1230 2633 nasci

296 2667 323 2717 et
338 2667 418 2731 mori,
433 2667 510 2733 regio
525 2668 568 2719 est
582 2664 720 2719 miseriae:
741 2666 815 2719 beati
832 2667 966 2733 quaerunt
980 2681 1041 2718 esse
1055 2665 1181 2718 homines
1202 2666 1263 2718 ineo

295 2750 410 2817 regione
429 2752 564 2817 miseriae,
583 2752 773 2804 aeternitatem
793 2753 927 2819 quaerunt
946 2752 973 2803 in
992 2752 1105 2818 regione
1123 2750 1230 2804 mortis.

295 2832 344 2886 nu
361 2834 444 2886 nobis
462 2835 600 2902 dominus,
619 2837 657 2888 ait
674 2836 756 2889 nobis
773 2836 887 2888 ueritas:
910 2833 997 2901 Quod
1016 2836 1155 2902 quaeritis,
1174 2849 1230 2887 non

295 2921 337 2971 est
350 2918 402 2984 hic,
416 2920 480 2985 quia
493 2934 549 2971 non
562 2922 603 2972 est
615 2920 685 2973 hinc.
707 2919 813 2973 Bonam
827 2935 884 2972 rem
898 2920 1037 2986 quaeritis,
1051 2918 1126 2986 quod
1139 2918 1230 2972 omnis

294 3002 379 3055 homo
399 3003 470 3070 uuit:
496 3003 598 3055 bonam
618 3020 674 3056 rem
694 3005 834 3070 quaeritis
856 3005 920 3070 quia
939 3004 1032 3055 uiuere
1052 3003 1156 3055 bonum
1175 3003 1228 3066 est;

294 3085 345 3138 sed
362 3085 398 3139 ad
414 3086 466 3139 hoc
482 3088 539 3139 nati
557 3102 659 3154 sumne,
675 3089 706 3140 ut
722 3089 880 3141 moriamur.
904 3086 970 3140 Non
987 3087 1053 3154 quid
1069 3086 1139 3139 uelis
1155 3085 1261 3152 nide‚55

141 3175 286 3254 rtlsssbzffffffoss
295 3170 345 3223 sed
367 3187 422 3239 qua
443 3170 607 3224 condicione
628 3174 739 3226 ueneris
759 3174 873 3240 respice.
904 3171 972 3225 ideo
994 3172 1051 3224 nati
1073 3186 1177 3236 sumus,
1199 3172 1230 3223 ut

141 3245 287 3308 ardennam
294 3256 453 3309 moriamur.
469 3252 701 3308 Desiderantibus
715 3257 810 3323 uitam,
825 3272 881 3309 non
896 3255 1036 3309 obtinetur
1051 3272 1066 3308 a
1079 3256 1230 3321 morituris,

190 3321 235 3352 '¹¹⁰⁸‘
294 3341 321 3391 et
334 3339 398 3392 ideo
412 3341 491 3407 peius
505 3341 606 3393 miseri.
626 3340 698 3393 Nam
712 3341 735 3393 si
748 3355 924 3406 moreremur,
939 3342 966 3393 et
978 3341 1071 3392 uiuere
1084 3338 1228 3404 uellemus,

293 3440 350 3477 non
365 3424 449 3478 ualde
464 3425 558 3477 miseri
575 3440 709 3490 essemus;
728 3424 793 3479 ideo
809 3426 900 3480 autem
915 3423 999 3478 ualde
1014 3424 1107 3480 miseri
1123 3437 1227 3490 sumus,

291 3543 327 3599 40
