2819 4040
459 343 534 382 xxxii.
550 344 580 382 De
593 344 715 383 ordinatione
729 343 816 394 episcopi

139 478 295 532 osseruus,
320 468 507 534 quicumque
529 471 598 522 uult
621 473 650 523 in
673 471 766 525 uobis
789 471 889 523 maior
912 484 994 533 esse;
1021 468 1104 520 sicut

172 548 266 602 iilius
284 549 423 603 hominis
441 567 502 603 non
520 555 608 605 uenit
625 556 813 620 ministrari,
831 554 889 608 sed
905 553 1102 616 ministrare,

172 635 202 685 et
216 633 292 686 dare
306 635 440 687 animam
455 650 541 687 suam
556 637 783 701 redemtionem
798 654 856 704 pro
869 639 990 702 multis;
1005 636 1103 690 exhor·

171 719 233 782 tans
252 733 319 785 ergo
337 734 388 771 nos
406 718 442 771 ad
460 719 677 786 similitudinem,
696 724 744 774 ait:
763 722 914 776 Christus
932 738 988 789 pro
1007 719 1101 773 nobis

171 803 306 854 animam
330 803 451 869 posuit:
480 803 524 854 sic
548 805 578 855 et
607 819 664 856 nos
688 806 837 858 debemus
861 822 917 873 pro
941 805 1100 859 iratribus
1170 830 1173 837 ‚

127 886 292 940 rooanimas
306 902 432 952 ponere.
448 885 510 953 lpse
524 887 605 938 etiam
619 887 747 940 dominus
761 889 876 954 loquens
890 892 953 956 post
966 904 1100 942 resurrec-

169 970 285 1023 tionem:
300 969 403 1036 Petre,
418 987 503 1023 amas
517 971 581 1024 me?
596 969 795 1037 Respondebat
808 972 865 1028 ille:
879 972 958 1027 Amo.
977 974 1039 1027 Hoc
1053 972 1100 1028 ille

169 1056 211 1106 ier
222 1054 301 1120 dixit,
313 1054 364 1106 hoc
377 1054 423 1106 ille
435 1057 476 1107 ter
488 1054 644 1121 respoudit;
657 1057 684 1106 et
695 1057 783 1108 totum
795 1057 837 1107 ter
848 1056 987 1113 dominus:
1001 1054 1099 1111 Pasce

169 1153 246 1191 oues
259 1155 353 1192 meas.
367 1137 423 1191 Ubi
436 1138 502 1191 mihi
516 1139 650 1205 ostendis
664 1140 729 1205 quia
741 1155 816 1191 amas
829 1155 880 1204 me,
894 1141 946 1192 nisi
959 1138 1149 1207 pascendorum
1166 1157 1253 1195 minam

169 1238 236 1283 oues
253 1224 347 1276 meas?
360 1221 439 1289 Quid
454 1223 520 1275 mihi
537 1225 726 1290 praestaturus
742 1239 771 1275 es
787 1223 905 1275 amando
920 1239 971 1289 me,
987 1222 1098 1290 quando
1146 1206 1214 1236 „m

126 1324 160 1360 105
169 1308 262 1359 'omnia
277 1309 405 1373 expectas
420 1323 435 1358 a
450 1307 511 1359 me?
526 1305 603 1370 Quid
619 1322 686 1373 ergo
701 1306 787 1359 facias
803 1306 921 1359 amando
936 1323 985 1373 me,
1001 1307 1097 1360 habes:

169 1405 250 1457 pasce
265 1405 332 1443 oues
346 1406 429 1443 meas.
451 1390 513 1443 Hoc
527 1390 620 1456 semel,
634 1393 661 1443 et
675 1392 781 1457 iterum,
795 1391 822 1442 et
835 1391 924 1443 tertio.
940 1390 1023 1447 Amas
1037 1392 1098 1445 me?

169 1472 249 1527 Amo
265 1472 350 1527 Pasce
363 1490 430 1528 oues
444 1491 528 1528 meas,
543 1474 597 1527 Ter
611 1476 683 1527 euim
697 1476 847 1541 negauerat
860 1475 968 1527 timore:
982 1478 1023 1527 ter
1035 1491 1097 1527 con-

169 1556 261 1610 fessus
279 1561 321 1610 est
338 1574 439 1611 amore.
459 1557 567 1611 Deinde
585 1574 645 1617 cum
663 1559 688 1611 ei
705 1558 834 1611 dominus
852 1572 919 1610 oues
936 1573 999 1610 suas
1016 1559 1097 1610 tertio

167 1643 397 1708 commendasset,
418 1643 597 1709 respondenti
616 1645 643 1695 et
661 1642 808 1695 confitenti
829 1657 957 1707 amorem,
977 1645 1004 1694 et
1023 1643 1097 1698 dam-

124 1727 243 1781 nonanti
262 1729 289 1778 et
306 1727 409 1779 delenti
427 1728 563 1792 timorem,
581 1727 713 1779 contiuuo
732 1726 858 1778 subiecit:
877 1724 955 1777 Cum
972 1727 1096 1781 iuuenis

168 1825 267 1876 esses,
284 1812 375 1878 cinge
388 1806 393 1880 Ι
408 1811 466 1863 bas
482 1813 523 1876 te,
541 1813 571 1864 et
587 1810 656 1863 ibas
673 1826 734 1877 quo
751 1810 896 1874 uolebas3
912 1825 979 1862 cum
997 1814 1151 1863 autemus

167 1896 273 1948 senior
292 1896 397 1949 iactus
418 1896 529 1962 fueris,
551 1897 632 1948 alter
650 1898 757 1962 cinget
777 1899 815 1960 te,
836 1897 866 1946 et
887 1895 1016 1951 ier<e>t
1036 1910 1096 1961 quo

165 1982 198 2032 tu
217 1995 278 2032 non
298 1982 354 2033 uis.
383 1979 450 2032 Hoc
470 1983 573 2033 autem
593 1980 676 2032 dixit
696 1979 899 2046 significans,
920 1995 979 2045 qua
998 1981 1096 2032 morte

165 2063 411 2130 glorificaturus
425 2067 490 2117 erat
502 2066 602 2117 deum.
623 2063 740 2118 Crucem
753 2079 831 2117 suam
845 2064 1034 2130 pronuntiauit
1047 2064 1095 2128 illi,

123 2150 324 2216 uspassionem
342 2165 419 2202 suam
437 2150 575 2216 praedixit
591 2149 640 2202 illi.
666 2149 733 2202 illuc
749 2165 816 2216 ergo
833 2165 951 2216 pergens
969 2150 1097 2202 dominus

166 2234 215 2286 ait:
231 2232 328 2287 Pasce
342 2249 419 2288 oues
434 2251 530 2302 meas,
545 2237 639 2302 patere
653 2251 704 2302 pro
719 2235 819 2287 ouibus
835 2235 911 2287 meis.

224 2318 249 2371 4.
269 2318 347 2371 Talis
366 2319 449 2371 debet
468 2335 529 2371 esse
549 2320 638 2372 bonus
659 2321 818 2386 episcopus;
838 2320 861 2371 si
880 2319 944 2371 talis
963 2335 1018 2372 non
1037 2319 1096 2383 erit,

165 2403 312 2469 episcopus
327 2420 382 2456 non
397 2404 455 2456 erit.
470 2402 548 2469 Quid
563 2404 650 2470 prode
665 2406 707 2456 est
721 2405 830 2468 misero,
846 2404 868 2454 si
882 2401 949 2454 Felix
966 2403 1096 2456 uocetur?

165 2485 193 2539 Si
214 2488 369 2540 mendicum
389 2487 508 2554 aliquem
529 2503 723 2540 aerumnosum
744 2489 882 2541 homiuem
904 2489 1029 2554 aspicias,
1051 2488 1095 2553 qui

121 2588 156 2625 120
164 2575 279 2626 uocatur
297 2572 370 2636 Felix,
391 2575 458 2625 etei
477 2573 562 2639 dicas,
580 2573 649 2625 Veni
667 2573 717 2625 huc
737 2571 810 2634 Felix,
830 2574 901 2625 uade
923 2571 996 2634 Felix,
1015 2588 1095 2639 surge

164 2655 237 2719 Felix,
254 2655 315 2709 sede
331 2655 404 2719 Felix,
425 2660 452 2710 et
466 2659 511 2710 ille
526 2660 597 2710 inter
610 2659 703 2710 omnia
715 2657 851 2710 uocabula
864 2673 973 2724 semper
986 2656 1094 2720 infelix;

163 2742 225 2793 huic
242 2742 332 2794 simile
348 2741 481 2809 quiddam
498 2745 548 2807 est,
566 2741 678 2808 quando
695 2743 842 2807 episcopus
858 2743 980 2806 uocatur,
997 2742 1024 2792 et
1040 2756 1094 2792 non

163 2828 212 2879 est.
228 2824 306 2891 Quid
321 2828 345 2879 ei
361 2826 471 2879 confert
486 2827 575 2879 honor
590 2826 718 2891 nominis,
735 2827 787 2877 nisi
802 2826 940 2878 cumulum
955 2824 1123 2877 crimmisasl
1133 2841 1174 2894 quod
1184 2841 1247 2869 uocatur

161 2908 234 2975 ,Quis
249 2912 290 2962 est
304 2912 394 2963 autem
408 2912 564 2977 episcopus,
580 2911 625 2975 qui
639 2911 761 2975 uocatur,
776 2911 802 2961 et
816 2925 871 2961 non
886 2910 946 2963 est?
960 2908 1015 2971 Qui
1028 2924 1093 2975 gau·
1131 2895 1217 2925 epscopus-

119 2993 209 3046 125det
230 2993 336 3046 honore
356 3009 389 3046 eo
411 2995 499 3060 magis
522 3010 603 3060 quam
625 2993 714 3045 salute
735 2994 829 3059 gregis
850 2992 904 3058 dei,
925 2994 971 3060 qui
993 2994 1019 3043 in
1041 2994 1093 3044 ista

162 3077 325 3130 celsitudine
347 3078 492 3130 ministerii
513 3094 562 3130 sua
585 3078 699 3143 quaerit,
721 3094 777 3130 non
801 3093 870 3144 quae
894 3077 954 3130 Iesu
976 3076 1092 3129 Christi:

162 3164 277 3215 uocatur
293 3163 449 3229 episcopus
466 3163 515 3214 sed
533 3178 588 3214 non
606 3164 648 3213 est
664 3162 821 3229 episcopus,
839 3178 937 3214 nomen
955 3163 1035 3213 inane
1051 3162 1094 3213 est

162 3247 194 3299 ei.
221 3245 256 3298 Et
272 3246 351 3298 uides
369 3245 494 3297 homines
513 3245 580 3297 nihil
599 3244 674 3311 loqui
693 3245 777 3299 aliud.
796 3245 897 3297 Vidisti
915 3244 1093 3311 episcopum?

162 3329 289 3382 salutasti
302 3329 481 3396 episcopum?
495 3328 577 3381 Unde
590 3329 688 3381 uenis?
702 3329 736 3380 ab
750 3330 889 3396 episcopo.
903 3327 968 3391 Quo
981 3328 1093 3395 pergis?

118 3428 154 3466 rso
163 3414 198 3466 ad
217 3415 385 3480 episcopum.
412 3411 450 3465 Ut
468 3428 536 3479 ergo
555 3414 591 3464 sit
610 3412 685 3478 quod
704 3416 827 3479 uocatur,
847 3413 948 3478 audiat,
967 3427 1022 3464 non
1041 3428 1093 3477 me,

159 3549 174 3579 S.
182 3547 263 3586 Augustini
273 3549 349 3578 tractatus.
383 3542 405 3579 10
1045 3531 1095 3583 l45
