2819 4040
454 297 477 337 ll.
490 296 552 336 Index
565 296 666 336 nominum
679 297 699 335 et
712 305 777 335 rerum

178 436 223 469 non
241 426 276 469 est
293 422 374 467 Christi
392 422 518 478 discipulus,
536 424 596 478 pacis
636 422 713 466 Petrus
728 420 880 477 apostolorum
896 419 986 476 primus,
1004 416 1085 461 Paulus

177 499 278 541 inimicus
291 497 324 550 28,
336 496 375 547 593
388 508 432 550 pax
443 495 540 550 perlecta
551 508 595 539 non

177 571 224 624 erit,
244 569 285 612 nisi
304 567 394 622 quando
412 568 513 611 interiore
533 566 596 611 lroste

178 639 355 696 concupiscentia
366 641 443 683 sanata
453 640 548 684 exterior
558 640 596 683 ho-

177 715 217 758 stis
231 712 333 756 diabolus
347 711 389 755 sub
403 712 495 768 pedibus
509 714 550 757 erit
562 715 596 768 33,

177 789 210 831 64.

147 834 262 914 peccatum
276 857 394 913 originale:
408 867 456 901 cum
471 858 546 902 debito
560 833 602 902 he·-

177 930 280 974 reditario
295 942 374 974 omnes
389 933 507 974 nascuntur
521 932 541 985 9,
557 933 595 983 47;

176 1003 199 1045 in
209 1002 372 1056 massapeccati
382 1002 409 1046 de
417 1002 486 1045 Adam
494 1003 595 1046 ueniente

177 1073 274 1130 colligati
286 1086 364 1117 omnes
376 1074 447 1118 radice
460 1075 536 1118 uitiata
548 1086 596 1117 nas·

177 1147 246 1189 cimur
257 1147 290 1200 10,
300 1146 339 1197 853
349 1146 394 1189 nati
405 1158 480 1190 sumus
490 1145 518 1189 de
527 1148 596 1189 trans-

177 1219 272 1273 gressore
285 1217 397 1262 trahentes
410 1219 495 1274 culpam
509 1221 532 1262 et
544 1232 596 1273 poe-

177 1303 229 1333 nam
247 1291 280 1344 31,
297 1291 337 1341 32;
354 1291 480 1346 propaginis
497 1290 595 1334 debitum

175 1363 197 1405 ‘A
210 1364 230 1417 8,
244 1364 278 1406 82.

147 1439 287 1491 peccatorum
300 1438 407 1492 remissio,
422 1437 596 1493 actusomnipo·

176 1509 258 1553 tentiae
277 1509 318 1552 Dei
336 1511 355 1565 1,
365 1512 404 1562 67;
421 1510 475 1553 haec
492 1510 514 1552 in
530 1509 596 1553 eccle-

177 1583 210 1625 sia
225 1583 242 1625 si
258 1595 302 1626 non
317 1586 383 1638 esset,
398 1583 456 1626 nulla
469 1596 521 1638 spes
536 1583 596 1626 esset

179 1656 197 1709 1,
213 1657 266 1707 288;
281 1668 325 1698 non
340 1658 374 1699 est
387 1657 409 1698 in
422 1655 470 1698 sola
484 1654 595 1698 ablutione

177 1727 322 1782 baptismatis,
335 1727 450 1771 sedetiam
463 1727 485 1769 in
496 1727 596 1770 oratione

176 1799 286 1842 dominica
307 1800 326 1853 1,
339 1801 392 1851 262;
412 1801 432 1852 9,
445 1789 493 1850 90;'
508 1800 596 1852 peccata

176 1873 251 1914 omnia
261 1873 283 1914 in
293 1872 403 1926 baptismo
414 1872 504 1914 dimissa
515 1872 533 1925 1,
543 1872 596 1923 244:

176 1945 196 1998 9,
210 1945 273 1987 55ss.

146 2015 254 2070 peculium
278 2027 340 2059 suum
362 2016 390 2059 de
413 2015 493 2058 Christi
516 2013 597 2058 ouibus

177 2087 249 2130 iacere
264 2087 341 2130 uolunt
355 2088 457 2131 haeretici
472 2088 505 2141 17,
520 2088 553 2129 89.

147 2159 215 2214 pedes
233 2159 328 2213 Domini,
344 2159 494 2213 euangelistae
512 2159 545 2211 24,
562 2160 595 2203 43.

145 2231 256 2285 perdimus
274 2231 391 2285 aliquando
417 2231 510 2274 libenter
535 2230 595 2285 quod

177 2316 287 2346 amamus:
324 2303 419 2347 amando
455 2303 596 2358 frumentum,

176 2375 301 2431 spargimus
318 2375 452 2418 trumentum*
468 2376 501 2429 26,
516 2376 550 2418 67.

148 2448 256 2502 Perpetua
269 2450 291 2491 et
304 2448 403 2491 Felicitas
416 2460 496 2490 nomen
509 2446 596 2490 sollem-

176 2521 238 2563 nitati
258 2521 351 2575 plurium
371 2523 488 2575 martyrum
509 2532 547 2564 cur
565 2522 596 2564 in-

177 2592 279 2635 diderunt
294 2592 313 2634 A
327 2594 347 2646 8,
362 2594 381 2636 8.
397 2594 449 2644 102;
464 2593 595 2647 Perpetuam

179 2677 220 2708 nec
236 2665 304 2719 patris
321 2664 416 2709 aflectus
433 2678 474 2708 nec
489 2677 541 2708 cura
557 2665 595 2708 iilii

177 2737 250 2780 auellit
264 2750 277 2779 a
291 2736 379 2780 Christo
394 2737 413 2780 A
426 2739 445 2791 8,
459 2739 527 2789 18ss:
541 2737 595 2781 Acta

175 2809 286 2864 passionis
314 2812 513 2853 commemorantur
534 2809 554 2851 A
575 2811 595 2865 8,

177 2883 210 2934 27.
227 2883 260 2925 34.
275 2883 310 2924 39.
326 2883 353 2924 83
359 2896 365 2934 ;
382 2882 490 2937 Perpetua
504 2884 526 2925 et
542 2883 595 2926 Feli·

176 2955 236 3008 citas,
247 2955 337 2996 nomina
347 2955 435 3009 quidem
446 2954 545 3007 duarum,
556 2955 595 2998 sed

175 3039 259 3069 merces
268 3028 302 3069 est
311 3027 410 3069 omnium
421 3026 439 3068 A
449 3028 469 3080 8,
478 3027 531 3078 110;
540 3026 596 3070 inter

175 3097 250 3141 mundi
271 3109 387 3152 pressuras
409 3099 595 3154 Carthaginiensi·

175 3171 217 3214 bus
234 3170 313 3213 adsunt
329 3170 348 3213 A
363 3173 382 3226 9,
398 3173 446 3214 373.
491 3217 492 3220 ,

145 3243 283 3299 persequitur
300 3244 408 3287 neminem
427 3244 494 3298 Deus,
512 3244 530 3286 si
547 3244 594 3298 ipse

175 3329 199 3359 se
220 3328 264 3358 non
285 3318 429 3370 persequatur
448 3316 516 3359 homo
537 3316 557 3358 A
574 3319 594 3371 9,

175 3389 223 3432 204.

664 494 797 537 nouissimus
817 494 851 549 23,
864 494 889 544 4;
912 493 945 546 24,
959 492 984 543 5;
1007 490 1084 534 Petrus

664 570 697 611 ter
708 567 827 611 confitetur
838 578 942 620 amorem,
955 564 992 620 qui
1003 566 1084 608 terne·

663 643 756 699 gauerat
767 653 807 696 per
816 641 917 683 timorem
930 640 963 693 16,
974 639 999 681 4:
1009 637 1037 682 ci.
1050 638 1083 690 17,

664 715 691 758 65
697 727 703 766 ;
723 714 757 768 23,
774 715 814 765 85;
833 713 867 766 32,
888 713 940 763 107;
958 711 1031 767 ligura
1049 710 1084 753 est

664 787 769 831 ecclesiae
789 788 821 841 16,
841 788 880 838 453
900 785 996 829 obeunte
1017 785 1083 828 Petro

664 872 709 903 non
726 858 807 902 defecit
823 860 922 914 potestas
939 858 1032 901 clauium
1050 857 1083 910 16,

664 934 703 984 553
723 932 813 987 negauit
832 931 919 986 quidem
940 929 1023 984 Petrus,
1043 928 1083 972 sed

639 1004 641 1006 ’
663 1005 724 1048 solus
742 1003 770 1046 ad
786 1004 896 1059 passionis
913 1002 1031 1057 periculum
1050 1015 1083 1045 se-

664 1079 727 1121 cutus
741 1078 775 1119 est
788 1076 899 1119 Christum
914 1076 947 1128 28,
960 1075 999 1125 41;
1012 1075 1045 1127 24,
1058 1075 1083 1124 9;

665 1150 749 1202 Petrus,
760 1148 843 1202 primus
853 1147 875 1189 in
886 1144 990 1189 omnibus
1001 1147 1034 1199 23,
1044 1146 1083 1197 66;

664 1223 713 1277 quis
728 1219 812 1264 sufficit
828 1220 896 1276 digna
911 1219 983 1262 dicere
998 1218 1026 1261 de
1044 1218 1084 1260 Pe·

664 1295 715 1337 tro?
729 1295 763 1347 23,
778 1294 830 1344 101;
844 1304 889 1334 uno
903 1291 938 1334 die
951 1302 1000 1333 cum
1015 1289 1083 1332 Paulo

663 1366 782 1410 coronatus
800 1366 834 1408 est
852 1365 885 1417 23,
904 1364 929 1414 6;
947 1363 980 1414 24,
997 1364 1016 1405 3.
1035 1362 1082 1404 187.

633 1450 767 1506 piscationes
789 1448 858 1491 duae:
886 1445 938 1502 quid
967 1446 1023 1489 inter
1045 1457 1083 1488 eas

663 1522 730 1566 distet
750 1522 783 1574 15,
804 1522 836 1564 14.

634 1607 706 1663 pisces
725 1606 807 1660 magni,
826 1605 877 1660 quia
896 1603 1031 1647 immortales
1050 1603 1083 1655 15,

664 1680 691 1722 49
697 1692 703 1729 ;
720 1678 786 1733 piscis
804 1689 874 1731 assus,
891 1677 1009 1730 martyrum
1027 1674 1084 1728 tides

664 1751 716 1807 igne
739 1749 832 1804 probata
855 1748 875 1790 A
898 1749 918 1802 7,
931 1749 970 1798 7⁰;
1001 1747 1084 1801 piscem

664 1823 730 1878 piscis
749 1822 854 1877 grandior
872 1822 894 1864 in
913 1822 956 1863 isto
976 1821 1029 1862 mari
1047 1819 1084 1862 de·

664 1908 743 1939 uorare
753 1895 868 1938 consueuit
878 1893 898 1936 A
907 1895 926 1948 9,
937 1894 986 1936 229.

635 1980 749 2024 Platonem
771 1980 887 2023 docentem
909 1978 1021 2032 superauit
1043 1977 1084 2019 Dei

664 2047 773 2108 sapientia
783 2053 895 2096 incarnata
906 2050 925 2093 A
935 2052 955 2105 9,
966 2051 1014 2094 461.

635 2136 729 2180 Possidii
746 2136 862 2191 ludiculus,
879 2136 901 2179 et
917 2133 1084 2188 Guelferbytani

663 2211 780 2252 tractatus:
805 2207 899 2251 Praeiat.
924 2207 981 2250 Vlll.
1005 2206 1082 2248 XXlV.

663 2282 730 2325 XXV.
745 2281 842 2324 XXVlll.
857 2279 935 2322 XXlX.

632 2366 815 2422 praedestinatio:
826 2365 925 2408 nondum
935 2365 1032 2419 apparet,
1043 2362 1082 2406 sed

664 2438 725 2481 Deus
744 2438 787 2480 iam
806 2437 880 2480 diuisit
898 2437 955 2480 inter
973 2435 1042 2479 lucem
1060 2438 1083 2478 et

662 2509 771 2563 tenebras,
794 2510 836 2553 luci
857 2509 947 2552 daturus
969 2508 1082 2551 aeternita-

662 2584 714 2636 tem,
724 2581 820 2625 tenebris
829 2581 996 2624 damnationem
1005 2581 1037 2633 18,
1049 2581 1081 2623 19.

632 2667 794 2723 praedicatores
806 2666 915 2722 euangelii
927 2678 971 2708 non
984 2677 1029 2720 sua,
1042 2664 1082 2708 sed

662 2739 690 2783 dc
704 2739 791 2783 cellario
804 2739 873 2794 ipsius
886 2738 1006 2793 proferunt,
1020 2738 1082 2781 cuius

662 2812 754 2854 ministri
772 2813 824 2855 sunt
840 2814 860 2866 9,
879 2812 931 2862 148;
949 2812 982 2863 18,
998 2812 1036 2862 58;
1054 2809 1081 2853 ci.

663 2886 696 2938 29,
716 2885 768 2935 120;
786 2884 881 2940 exigitur
899 2896 912 2925 a
929 2881 1082 2938 praedicatori·

662 2955 704 2998 bus
719 2954 782 3009 lides,
797 2968 842 2998 non
856 2954 982 3009 eloquentia
997 2955 1029 3007 19,
1042 2955 1082 3006 35;

663 3028 776 3083 quomodo
794 3028 932 3084 praedicator
948 3027 1031 3071 diuidat
1049 3040 1082 3070 es-

663 3113 700 3143 cas
712 3101 745 3154 24,
757 3101 795 3152 o5;
806 3099 905 3143 diflicilia
916 3098 1026 3142 intellectu
1036 3111 1081 3141 non

662 3171 746 3215 sufficit
761 3172 829 3215 semel
845 3171 926 3226 exponi
943 3172 976 3224 13,
991 3171 1016 3222 4;
1031 3170 1082 3213 iaci·

661 3244 703 3287 lius
733 3244 778 3298 agit
805 3244 892 3287 auditor
920 3243 980 3298 quod
1005 3244 1081 3297 Maria,

662 3329 728 3371 quam
748 3318 885 3371 praedicator
903 3315 962 3371 quod
982 3315 1081 3358 Christus

662 3389 765 3443 29,119;
788 3388 913 3444 praedicare
933 3387 1040 3431 dehemus
1060 3388 1082 3430 et

1028 3494 1082 3548 239
