2819 4040
706 299 817 349 appendix.
834 299 895 338 Traet.
904 298 944 337 Vll.

360 423 454 476 omnia
473 424 526 476 ista
545 439 642 491 parum
662 426 748 479 erant.
776 423 849 478 Date
867 425 985 490 ueniam,
1006 422 1136 491 apostoli,
1155 425 1220 491 post
1239 424 1293 477 ista

361 505 450 559 adhuc
469 506 541 559 duri.
568 505 624 560 Sed
645 506 757 561 illorum
778 509 919 575 correcti0,
941 509 1036 561 nostra
1056 509 1099 560 est
1120 505 1292 560 aedificatio:

360 590 426 657 quid
441 590 514 643 enim
528 590 658 643 dominus
672 595 834 659 sequeretur
847 593 948 658 uidete,
963 590 1105 659 quomodo
1118 590 1182 644 tulit
1195 605 1292 644 omnes

360 673 500 741 ambages
522 673 606 728 Visus
621 676 671 741 est,
686 676 776 728 taetus
792 679 842 743 est,
859 675 1046 729 manducauit:
1062 676 1122 742 ipse
1137 676 1209 727 certe
1224 676 1292 728 erat.

417 764 443 817 4.
459 763 564 817 Tamen
581 781 615 817 ne
628 752 658 817 in
674 765 768 832 aliquo
784 777 950 824 sensu<m>
964 766 1113 819 humanum
1129 765 1292 818 ludificasse
1299 785 1323 822 85

358 848 507 916 uideretur,
528 850 603 902 misit
621 864 718 902 manus
739 850 774 903 ad
794 852 953 919 scripturas.
980 849 1080 903 Dicant
1099 850 1200 918 pagani
1220 850 1292 919 quic-

359 932 425 999 quid
440 932 550 986 uolunt:
565 932 668 1000 Magus
682 933 745 999 fuit,
760 936 852 1001 potuit
866 952 895 989 se
908 934 1064 990 ostendere.
1079 932 1222 1001 Numquid
1236 949 1292 985 ma-

357 1031 418 1082 guS,
437 1018 500 1069 ante
518 1031 600 1083 quam
617 1020 692 1070 esset
709 1019 799 1084 natuS,
817 1021 908 1086 potuit
925 1035 954 1072 se
971 1017 1138 1087 prophetare
1155 1017 1190 1070 de
1207 1019 1292 1084 scrip·

179 1155 181 1162 ,
216 1120 239 1151 ne
248 1120 310 1151 enm
319 1128 343 1150 a.
357 1101 446 1154 turis?
466 1099 573 1168 Videte,
589 1102 653 1168 quia
667 1100 743 1168 quod
757 1101 860 1155 uidetis
875 1106 938 1156 ante
953 1103 1095 1171 prouisum
1109 1103 1160 1167 est,
1175 1102 1202 1154 et
1216 1100 1292 1170 quod

206 1169 350 1255 ¹³³¹“1J222ffiffflss
357 1185 469 1237 cernitis
481 1187 543 1237 ante
553 1185 724 1251 praedictum
735 1188 785 1239 est.
803 1184 886 1239 nudi
898 1187 984 1253 iilia,
995 1188 1025 1240 et
1035 1185 1118 1240 uide.
1135 1183 1163 1239 O
1177 1186 1323 1239 ecclesiam

358 1270 461 1335 sancta,
480 1269 545 1321 audi
563 1271 591 1322 et
607 1269 684 1322 uide:
703 1269 768 1322 audi
786 1270 936 1337 praedicta,
954 1271 1019 1324 uide
1036 1269 1173 1338 conpleta.
1198 1268 1292 1336 Caput

357 1355 424 1419 erat,
444 1353 520 1420 quod
538 1352 733 1420 persuadebat,
751 1353 882 1407 dominus
902 1354 1044 1420 Christus;
1061 1355 1144 1422 eaput
1161 1353 1291 1407 ecclesiae

357 1440 424 1504 erat,
441 1437 517 1504 quod
532 1453 562 1489 se
576 1439 680 1504 uiuum,
695 1452 800 1504 uerum,
816 1438 962 1506 integrum,
977 1441 1080 1492 certum
1096 1437 1290 1505 persuadebat,

357 1523 384 1574 et
395 1520 431 1574 ad
441 1520 529 1574 fidem
539 1522 709 1575 credentium
718 1521 897 1586 perducebat.
915 1522 992 1586 Quid
1003 1535 1072 1590 ergo¹
1081 1522 1151 1575 dixit
1162 1521 1197 1575 de
1207 1523 1291 1589 scrip-

356 1608 445 1660 turis?
466 1605 540 1660 Non
555 1608 658 1673 scitis,
674 1607 747 1675 quia
769 1605 929 1674 oportebat
950 1608 1076 1675 impleri
1092 1608 1197 1660 omnia
1211 1622 1321 1677 quaeue

356 1692 477 1758 scripta
496 1692 617 1744 suntin
637 1692 712 1760 lege
729 1693 760 1745 et
777 1692 946 1759 prophetis
965 1694 995 1744 et
1013 1692 1146 1759 psalmis
1165 1691 1203 1745 de
1222 1691 1290 1746 me?

356 1774 441 1827 Tunc
453 1778 579 1843 aperuit
590 1776 658 1829 illis
671 1791 806 1843 sensum,
817 1780 851 1829 ut
862 1776 1091 1845 intellegerent
1102 1778 1288 1844 scripturas

358 1857 554 1912 Etdixiteis:
565 1858 944 1929 Quoniamsicscriptum
955 1864 1107 1928 est,etsic
1122 1857 1290 1928 oportebat

356 1944 519 1997 Christum
539 1946 617 2013 pati,
635 1946 668 1997 ‘et
686 1961 817 2013 surgere
836 1946 999 1999 amortuis
1018 1946 1114 1999 tertia
1133 1946 1193 1999 die.
1220 1945 1289 1999 Ecce

356 2028 468 2095 lactum,
491 2028 567 2096 quod
588 2030 731 2097 scriptum:
753 2045 814 2083 ecce
836 2029 987 2098 impletum,
1010 2029 1085 2096 quod
1106 2029 1333 2096 praedictumtrao

354 2130 416 2166 eece
436 2111 582 2177 exhibitum,
602 2114 677 2182 quod
694 2114 802 2168 lectum.
818 2113 893 2167 Audi
910 2114 1002 2180 uerba,
1019 2129 1099 2167 cerne
1115 2113 1201 2166 tacta:
1217 2113 1287 2165 ueri-

354 2201 398 2252 tas
419 2200 510 2267 plena,
530 2200 605 2253 lides
624 2202 709 2253 certa:
730 2200 785 2253 iam
805 2202 900 2267 pereat
920 2198 1070 2267 aliquando
1090 2199 1209 2251 heretica
1224 2213 1288 2265 vper-

355 2283 436 2337 fidia.
460 2283 529 2337 Ecce
544 2285 582 2336 sic
597 2285 729 2352 seriptum
745 2285 797 2336 est:
813 2281 862 2336 Sic
877 2283 1061 2350 oportebat,
1077 2281 1162 2349 quid?
1178 2280 1289 2335 Chris-

355 2369 419 2419 tum
440 2368 515 2433 pati,
535 2366 706 2434 praedictum
727 2369 777 2420 est.
805 2365 985 2433 Resurgere
1006 2367 1170 2418 amortuis
1190 2366 1288 2418 tertio

355 2451 418 2517 die,
435 2452 605 2518 praedictum
620 2453 670 2504 est.
692 2450 828 2517 legerant
843 2451 896 2502 ista
913 2450 1019 2503 ludaei:
1035 2449 1173 2517 legebant,
1188 2451 1216 2502 et
1231 2464 1331 2502 nonius

354 2523 500 2599 uidebant;
523 2537 549 2587 et
569 2537 600 2587 ut
621 2537 695 2587 esset
717 2534 793 2602 quod
815 2535 862 2587 alii
883 2534 1034 2602 crederent,
1056 2535 1084 2586 in
1106 2533 1228 2600 lapidem
1250 2535 1288 2585 ia-

354 2621 460 2671 centem
481 2618 676 2671 ollendehant.
702 2616 733 2670 Si
754 2618 835 2670 enim
855 2618 1099 2684 cognouissent,
1120 2630 1288 2683 numquam

354 2703 517 2756 dominum
531 2702 656 2771 gloriae
670 2702 926 2767 crucifixissent3
942 2703 965 2754 si
981 2716 1129 2768 numquam
1143 2700 1288 2753 dominum

353 2786 461 2854 gloriae
475 2786 686 2853 crucifixissent,
700 2787 797 2853 gentes
811 2786 839 2838 in
854 2787 949 2838 natum
963 2787 990 2838 et
1004 2800 1117 2852 passum
1131 2800 1187 2838 non
1201 2783 1287 2837 credi-

354 2870 470 2924 dissent.
497 2870 564 2922 ldeo
581 2886 648 2937 ergo
666 2870 712 2922 isti
731 2869 860 2937 discipuli
878 2872 908 2922 ut
924 2872 1119 2937 separarentur
1137 2886 1152 2921 a
1168 2867 1330 2934 ludaeis,no

275 2968 309 3006 foi.
321 2968 345 3006 το
354 2968 471 3023 quorum
479 2950 490 3025 ΙΙ
503 2971 551 3007 cor
562 2955 688 3007 clausum
699 2955 759 3008 erat
771 2970 806 3007 ne
819 2953 1012 3024 intellegerent
1026 2954 1184 3020 scripturas
1197 2953 1287 3021 gratia

207 3058 340 3088 orarauscernn
353 3041 460 3094 domini
476 3039 542 3093 fecit
555 3040 766 3107 separationem.
787 3038 814 3093 O
830 3038 966 3106 apostole,
980 3054 998 3092 o
1014 3037 1102 3105 Petre,
1117 3054 1134 3091 o
1147 3036 1286 3105 Mathaee,

209 3106 337 3185 ssssssssdiii‘jssft
352 3142 370 3178 o
384 3124 516 3191 Thomas,
531 3141 548 3177 0
571 3126 661 3191 ceteri,
676 3122 757 3191 Quis
771 3124 853 3176 enim
867 3125 898 3176 te
912 3123 1088 3176 discernit?
1110 3122 1194 3176 Forte
1206 3121 1285 3189 dieis,

354 3209 438 3262 Fides
452 3224 521 3262 mea.
534 3207 690 3274 <Cred>0,
705 3209 728 3260 si
741 3206 788 3259 ille
801 3221 857 3260 non
871 3206 958 3273 daret,
972 3208 1036 3274 quia
1048 3209 1078 3261 tu
1091 3222 1147 3260 non
1160 3205 1284 3259 haberes.

353 3292 438 3346 Fides
454 3293 544 3346 tuate
560 3291 699 3344 discernit.
722 3288 808 3355 Quid
824 3292 928 3342 autem
943 3289 1042 3342 habes
1058 3288 1144 3357 quod
1160 3304 1222 3342 non
1238 3302 1328 3342 ae-115

351 3376 487 3444 cepisti?
506 3373 538 3429 Si
552 3377 654 3428 autem
669 3374 834 3441 accepisti,
845 3373 924 3441 quid
937 3372 1104 3441 gloriaris,
1118 3372 1209 3440 quasi
1224 3388 1285 3426 non

352 3494 402 3549 194
