2819 4040
647 305 759 354 Appendix.
777 306 840 346 Tract.
849 306 881 345 lx.

242 436 288 477 rsov
296 433 409 485 terram:
429 434 540 499 peccata
559 434 654 486 nostra
667 427 673 500 Ι
685 431 898 500 cognoscamus:
918 448 951 486 ne
970 443 1031 484 cum
1050 430 1118 498 ipsis
1137 445 1231 498 perea-

296 532 365 583 mus
386 517 471 570 deum
492 518 578 584 digna
600 516 794 570 satisfactione
816 519 962 585 placemus.
985 514 1077 580 Quam
1099 515 1230 568 uelociter

296 600 417 668 placauit
429 602 497 653 iram
509 602 568 655 eius
581 601 628 654 ille
640 602 686 668 qui
697 601 777 668 dixit,
791 599 955 656 Peccatum
967 615 1067 653 meum
1078 600 1230 667 cognoui,

296 687 326 737 et
346 686 540 739 iniustitiam
561 701 659 738 meam
681 701 742 738 non
763 690 887 754 operui:
911 686 989 752 dixi,
1011 684 1275 752 pronuntiab‘oaoo

296 769 465 822 aduersum
481 785 527 822 me
541 769 695 823 delictum
711 784 810 823 meum
826 770 967 825 domino!
988 768 1023 824 Et
1038 769 1105 836 quid
1120 771 1230 822 secutus

296 854 357 907 est?
371 853 410 906 Et
420 856 453 906 tu
464 854 622 906 dimisisti
635 855 824 921 inpietatem
837 855 944 909 cordis
957 855 1024 907 mei.
1039 852 1153 907 Credite
1166 853 1230 920 quia

143 958 223 1013 uentrem
237 953 352 994 perse-non
367 939 410 990 est
424 938 555 1005 iniquitas
571 938 645 1005 apud
660 938 751 1004 deum,
766 938 870 992 credite
885 940 949 1007 quia
963 938 1056 1005 diligit
1070 937 1139 989 deus
1154 935 1229 1003 quod

143 1006 201 1091 ,332¹ss
210 1005 410 1091 ffifgsscreauih
425 1023 562 1074 neminem
576 1023 751 1089 persequitur
762 1022 842 1090 deus,
858 1024 881 1076 si
896 1024 998 1091 ipsese
1013 1038 1068 1075 non
1083 1036 1230 1089 persequa-

149 1103 220 1140 aquam
228 1104 280 1132 Μ’
294 1107 339 1157 tur
348 1105 441 1159 homa.
451 1105 518 1159 ‘Non
529 1108 644 1174 propter
653 1106 815 1160 felicitatem
825 1109 962 1161 terrenam
971 1106 1123 1161 Christiani
1131 1104 1228 1158 eiiecti
1237 1117 1273 1155 2⁰5

296 1205 402 1255 sumus3
419 1206 475 1242 non
490 1192 605 1258 propter
619 1189 733 1243 diuitias
748 1191 845 1244 mundi
860 1192 904 1244 uel
919 1193 1033 1259 propter
1048 1192 1128 1243 istam
1143 1190 1229 1242 uitam

296 1272 438 1327 Christum
454 1274 580 1328 colimus,
597 1273 660 1342 lpse
675 1275 756 1341 enirn,
771 1276 849 1328 cuius
864 1278 945 1343 signo
959 1291 1109 1341 censemur,
1125 1289 1230 1342 pauper

295 1374 346 1425 pro
360 1358 441 1411 nobis
455 1358 545 1411 factus
559 1361 609 1424 est,
622 1375 683 1412 cum
696 1358 776 1411 diues
789 1362 874 1412 esset:
888 1361 916 1412 in
930 1361 984 1413 isto
997 1359 1101 1412 mundo
1114 1359 1228 1412 ueniens

295 1443 423 1510 indiguit,
435 1443 481 1510 qui
492 1444 586 1495 omnia
596 1444 711 1496 creauit:
723 1444 922 1497 amaritudines
933 1445 1046 1511 pertulit
1056 1444 1136 1496 istius
1146 1445 1228 1509 uitae,

294 1528 324 1578 ut
337 1526 512 1579 dulcedinem
526 1527 600 1579 illius
615 1530 741 1580 aeternae
755 1527 967 1581 demonstraret.
983 1527 1109 1595 Denique
1122 1526 1158 1580 ad
1170 1539 1273 1579 cae-aro

295 1609 392 1662 lestem
406 1626 529 1664 mensam
543 1611 705 1678 angelorum
719 1627 771 1664 nos
785 1613 922 1678 inuitauit,
936 1614 963 1665 et
977 1613 1004 1665 in
1017 1611 1086 1665 cella
1099 1611 1228 1665 mendici·

293 1695 359 1747 tatis
374 1696 486 1748 nostrae
500 1695 539 1748 iel
553 1698 581 1748 et
592 1698 700 1748 acetum
714 1696 793 1749 bibit.
808 1695 851 1749 Ne
865 1696 967 1749 tamem
981 1696 1148 1762 timeremus
1163 1709 1227 1763 qua-

294 1779 424 1846 draginta
446 1779 546 1833 diebus
567 1780 711 1833 ieiunauit:
734 1797 768 1833 ne
790 1780 943 1833 nuditatem
965 1781 1228 1847 pertimesceremus

294 1866 404 1932 praeter
420 1879 503 1917 unam
519 1866 640 1917 tunicam
658 1864 740 1918 aliam
756 1864 911 1932 discipulos
929 1880 994 1917 suos
1011 1864 1112 1917 habere
1129 1864 1227 1917 uetuit:

294 1965 328 2001 ne
350 1964 446 2001 aurum
465 1949 606 2015 diligeres,
626 1950 709 2001 etiam
728 1947 855 2001 'oblatum
874 1950 1049 2002 contemnere
1069 1948 1174 2002 docuit:
1194 1961 1272 2001 nens

293 2032 489 2086 tribulationes
504 2048 710 2100 expauesceres,
725 2034 818 2085 omnia
833 2034 892 2100 ipse
907 2033 1048 2086 sustinuit:
1063 2048 1098 2085 ne
1112 2034 1228 2086 mortem

294 2115 471 2182 formidares
486 2118 512 2168 et
524 2116 596 2168 hanc
608 2117 667 2183 ipse
681 2116 810 2182 suscepit.
825 2115 896 2169 Cum
910 2117 948 2168 ita
961 2131 1012 2168 nos
1026 2116 1158 2182 docuerit,
1172 2132 1228 2168 non

293 2201 400 2252 tantum
420 2200 516 2267 uerb0,
534 2215 631 2252 uerum
650 2201 732 2253 etiam
752 2200 888 2267 exemp10,
908 2199 1019 2253 delicati
1038 2200 1139 2253 milites
1157 2200 1228 2253 tanti

293 2284 376 2350 regis,
395 2283 506 2336 inutiles
523 2284 653 2351 discipuli
671 2284 740 2336 tanti
758 2285 893 2351 magistri,
911 2300 961 2336 nec·
976 2283 1087 2336 fortiter
1104 2299 1228 2351 pugnare

293 2383 345 2434 pro
362 2369 460 2434 patria,
477 2384 527 2420 nec
542 2367 705 2435 disciplinas
723 2383 753 2420 ac
769 2367 879 2435 regulas
896 2368 1021 2435 magistri
1037 2383 1148 2421 seruare
1164 2383 1227 2421 con·
1235 2383 1272 2421 220

292 2450 444 2515 tendimus;
466 2452 610 2518 magisque
628 2451 682 2504 ista
700 2450 782 2516 hona,
802 2466 872 2517 quae
890 2450 937 2503 ille
954 2452 1101 2504 contemsit
1119 2453 1146 2504 et
1163 2467 1227 2503 con-

290 2537 414 2608 temnere
439 2534 542 2600 docuit,
566 2535 731 2602 appetimus,
757 2549 838 2602 quam
863 2534 911 2587 illa
935 2536 1132 2602 permanentia,
1157 2550 1227 2602 quae

292 2619 429 2686 promisit,
446 2618 480 2670 ab
495 2618 544 2671 illo
559 2619 681 2685 accipere
695 2618 837 2671 uolumus:
853 2621 880 2671 et
894 2620 917 2670 si
932 2635 964 2671 ea
978 2634 1029 2686 pro
1044 2621 1140 2672 nostra
1154 2618 1227 2672 utili-

291 2705 348 2756 tate
362 2702 537 2769 subtraxerit,
551 2702 757 2756 stomachantes
771 2718 835 2755 eum·
847 2703 979 2756 continuo
992 2702 1225 2770 blasphemamus,

292 2785 319 2839 O
332 2788 441 2839 insania
452 2788 560 2852 mentiS,
573 2802 591 2838 o
603 2802 704 2853 magna
715 2787 832 2839 caecitas
843 2787 944 2853 cordis,
957 2802 1006 2839 nec
1018 2802 1109 2840 amare
1121 2787 1226 2840 donan·
1233 2800 1269 2838 225

290 2873 355 2937 tem,
369 2873 396 2924 et
407 2870 512 2923 utiliter
525 2870 695 2923 auferentem
708 2869 913 2937 blasphemare!

351 2962 376 3015 8.
391 2959 447 3014 Sed
459 2976 519 3013 ecce
532 2960 606 3027 mihi,
620 2961 720 3028 inquis,
734 2960 781 3013 ille
793 2962 883 3013 totum
897 2960 1023 3014 abstulit:
1036 2963 1063 3013 et
1075 2976 1128 3028 ego
1141 2976 1226 3028 egens

291 3047 420 3112 remansi,
440 3047 467 3097 et
484 3044 531 3097 ille
547 3045 584 3097 de
603 3045 694 3098 alieno
713 3044 812 3113 plenus
830 3047 880 3098 est.
904 3045 1002 3111 Video,
1021 3045 1145 3111 intendo,
1163 3061 1226 3098 con-

164 3190 166 3195 ,
292 3130 397 3183 sidero:
418 3130 446 3182 in
465 3130 520 3182 isto
539 3130 608 3182 mari
627 3130 749 3196 positum
769 3129 853 3197 piscis
872 3131 899 3182 te
917 3129 1051 3196 grandior
1070 3130 1225 3182 deuorauit.

157 3226 174 3255 1¹1
186 3225 215 3254 aa
227 3225 264 3254 mari
292 3213 415 3281 Expecta
428 3212 583 3281 paululum:
597 3214 690 3266 ueniet
704 3212 830 3280 amplior,
844 3214 890 3280 qui
904 3213 1085 3267 deuorantem
1098 3213 1224 3280 deuoret,
1232 3227 1269 3267 230

154 3274 211 3310 piscem
220 3272 267 3310 piscis
378 3299 384 3309 ,
586 3297 590 3307 .
779 3298 784 3308 ,
1063 3298 1069 3308 .
1142 3297 1148 3307 .

174 3321 247 3359 aaran
291 3297 479 3365 expoliantem
499 3296 629 3364 expoliat,
648 3297 785 3350 auferenti
803 3296 923 3352 auferat.
949 3295 1085 3360 Quamuis
1105 3312 1178 3349 emm
1196 3298 1226 3349 tu

174 3369 242 3400 deuoret.

292 3384 362 3436 iuste
383 3397 483 3451 passus
502 3383 549 3449 εἰς,
570 3382 616 3450 qui
636 3398 692 3435 non
712 3381 856 3450 erogando
875 3383 947 3436 male
965 3382 1104 3436 retinebas
1124 3385 1179 3450 tua,
1199 3384 1226 3435 ct

289 3502 343 3556 206
