2819 4040
668 302 779 353 Appendix.
800 304 903 343 Tracth.

379 425 404 479 6.
421 424 457 479 Et
471 441 541 493 quae
556 428 621 480 sunt
635 429 824 484 sustentacula
837 430 920 486 huius
932 429 1061 483 ruinosae
1075 428 1183 496 domus,
1197 429 1251 484 nisi

320 510 400 577 panis
420 511 510 577 uiuus»,
529 512 564 564 de
585 525 641 579 quo
659 511 786 581 dicimus,
807 513 921 568 Panem
941 516 1084 567 nostrum
1102 513 1253 568 cottidia-

320 608 390 646 num
401 594 441 646 da
451 594 545 647 nohis
555 594 672 649 hodie?
684 595 715 649 ln
726 612 797 663 pane
808 599 928 666 petendo
937 596 1085 665 ‘dupliciter
1095 612 1251 651 exoramus:
1259 612 1284 650 so

179 705 240 743 nup„
249 704 293 743 „a
319 693 382 729 nam
397 679 424 730 et
437 693 537 744 panem
550 677 628 731 illum
643 680 809 747 quaerimus,
824 683 870 749 qui
883 681 975 735 reiicit
988 681 1108 734 animam·
1120 681 1251 747 nostram,

201 753 279 790 imm·
320 762 365 828 qui
377 762 458 814 uiuus
469 761 505 814 de
515 762 594 819 caelo
603 762 760 829 descendit;
772 766 800 817 et
810 781 910 833 panem
921 767 1003 819 istum
1013 763 1160 830 uisibilem,
1171 778 1252 831 quem

318 845 434 898 cottidie
450 861 521 913 opus
536 846 678 914 habemus,
694 863 728 900 ex
743 863 799 915 quo
814 852 911 903 nostra
924 863 1041 916 corpora
1055 848 1251 901 sustentantur.

320 927 372 995 Da,
386 928 508 997 domine,
520 930 678 997 petentibus
691 931 772 984 nohis
786 932 864 986 illum
876 935 999 987 sanctum
1012 943 1118 1001 panem,
1130 946 1166 984 ne
1177 929 1252 984 fame

318 1012 450 1080 depereat
469 1015 561 1068 anima
578 1017 686 1080 nostra3
705 1030 892 1085 rogamusque
909 1019 940 1071 ut
958 1033 1013 1071 non
1031 1016 1131 1071 sentiat
1148 1015 1252 1068 tamem
1259 1028 1283 1066 95

318 1098 401 1150 etiam
420 1113 486 1150 caro
505 1100 609 1152 nostra.
636 1097 721 1162 Quali
742 1098 818 1153 lame
837 1102 980 1169 intercepti
1000 1101 1063 1154 sunt
1082 1099 1131 1166 illi,
1152 1098 1252 1167 quibus

319 1181 459 1234 abstulisti
471 1198 571 1249 panem
580 1182 658 1235 uerbi
669 1184 718 1250 tui,
730 1183 825 1237 dicens
836 1200 886 1253 per
895 1184 1070 1253 prophetam:
1082 1182 1173 1237 Dabo
1183 1182 1252 1236 illis

317 1264 444 1332 tamem,
464 1281 526 1319 non
545 1268 650 1334 panis,
670 1266 727 1320 sed
745 1267 860 1322 tamem
878 1268 977 1323 uerbi.
995 1266 1147 1338 Quomodo
1165 1266 1252 1334 perie-

317 1351 388 1415 runt,
403 1350 449 1416 qui
462 1348 512 1403 tali
525 1350 599 1402 lame
613 1351 794 1404 interierunt?
808 1350 895 1405 Panis?
905 1353 958 1406 iste
969 1351 1089 1405 uisibilis
1102 1351 1194 1404 sinon
1207 1350 1252 1417 sit,

317 1448 418 1500 corpus
441 1433 554 1487 occidit:
577 1435 658 1502 panis
681 1434 760 1488 uerbi
784 1437 824 1488 tui
848 1436 872 1488 si
894 1436 976 1504 desit,
1000 1437 1118 1489 animam
1141 1433 1251 1488 occidit.
1261 1443 1296 1482 100

316 1516 433 1583 Quanto
456 1518 555 1572 melius
576 1520 648 1585 perit
668 1534 742 1585 car0,
765 1534 835 1589 quae
858 1519 932 1573 facta
954 1522 1051 1573 estex
1072 1518 1147 1584 limo,
1170 1533 1252 1586 quam

317 1602 389 1668 perit
402 1602 502 1668 anima,
515 1602 542 1654 in
555 1618 609 1669 qua
622 1604 664 1655 est
676 1603 771 1671 imago
782 1604 810 1656 et
822 1603 976 1657 similitudo
989 1604 1044 1669 tua,
1057 1617 1126 1669 quae
1138 1600 1252 1654 demon·

318 1686 387 1737 strat
410 1701 521 1738 omnem
543 1685 756 1752 pulcritudinem
779 1687 923 1740 nostram?
946 1686 1028 1740 lianc
1049 1685 1151 1739 famem
1174 1687 1252 1754 igno·

317 1770 410 1822 rantes
432 1770 604 1837 insipientes,
628 1786 684 1823 non
705 1786 766 1823 eam
787 1770 951 1839 cogitantes
974 1771 1072 1838 optant
1093 1772 1123 1823 ut
1145 1770 1251 1823 animae

319 1853 400 1919 adsit,
420 1855 531 1920 corpori
549 1853 631 1907 desit.
652 1853 691 1907 Hi
710 1855 810 1920 autem,
830 1855 877 1921 qui
896 1857 956 1907 ate
976 1854 1181 1919 inluminantur,
1200 1853 1252 1906 hoc
1261 1864 1295 1902 105

275 1939 423 2004 adpetunt,
444 1940 475 1990 ut
493 1953 543 1991 nec
562 1937 611 1991 illa
624 1933 692 2006 lnce
711 1939 765 1991 ista
786 1938 872 2004 adsit;
893 1938 942 1991 sed
962 1939 985 1991 si
1005 1938 1057 1992 hoc
1077 1937 1251 2004 iudicaueriS,

318 2023 407 2088 magis
431 2021 538 2089 eligunt
559 2023 641 2075 istam
665 2023 801 2076 sustinere
824 2024 852 2075 in
874 2038 999 2089 corpore,
1022 2037 1103 2089 quam
1125 2020 1201 2074 illam
1224 2021 1253 2074 in

319 2105 410 2157 anima
424 2105 553 2158 tolerare.
567 2104 671 2159 Auerte
686 2105 807 2173 domine,
823 2108 917 2159 auerte
931 2122 947 2158 a
961 2105 1042 2158 nobis
1058 2105 1160 2158 tamem
1174 2104 1252 2158 uerbi

187 2222 289 2252 pem„
318 2190 366 2255 tui,
386 2205 420 2242 ne
438 2188 488 2242 tali
507 2189 582 2242 fame
601 2190 710 2257 periens
728 2190 830 2256 anima,
849 2189 930 2243 simul
948 2191 1126 2243 consumatur
1144 2190 1171 2242 et
1187 2203 1252 2241 caro

180 2270 294 2356 “lssgssoffltffl
318 2275 346 2326 et
368 2274 471 2337 anima3
493 2273 543 2326 sed
565 2289 673 2340 panem
695 2276 843 2327 nostrum
864 2272 1077 2326 cottidianum
1098 2272 1137 2325 da
1158 2273 1296 2325 nobisne

318 2357 424 2411 hodie.
441 2355 519 2420 Quid
534 2359 584 2424 est,
599 2357 715 2411 hodie?
730 2356 844 2425 Semper
860 2357 934 2411 dona
948 2355 979 2409 ut
993 2359 1128 2424 petamus,
1144 2371 1253 2422 semper

316 2440 354 2492 da
373 2440 449 2507 quod
465 2443 602 2508 petamus.
622 2440 687 2494 Non
705 2443 776 2494 enim
795 2441 894 2494 deficit
911 2456 1008 2493 manus
1026 2443 1081 2506 tua,
1100 2441 1147 2492 aut
1165 2439 1250 2492 minui

319 2526 412 2592 potest
425 2525 472 2577 ille
483 2524 637 2592 thesaurus
650 2525 685 2577 de
698 2540 753 2592 quo
765 2526 856 2594 magis
865 2526 890 2577 si
902 2536 960 2578 non⁴
970 2526 1100 2591 erogatur
1111 2524 1250 2590 minuitur,

318 2610 463 2676 erogando
475 2625 542 2662 uero
554 2609 753 2677 multiplicatur
763 2611 847 2676 atque
859 2608 1020 2662 cumulatur.

378 2700 403 2753 7,
427 2698 591 2766 Respondet
610 2698 692 2752 nobis
715 2699 873 2767 petentibus
896 2700 963 2766 ipse,
986 2699 1032 2766 qui
1054 2714 1105 2751 nos
1126 2697 1294 2751 hortaturus

319 2785 350 2835 ut
369 2784 508 2850 petamus:
528 2782 597 2835 Ecce
616 2784 722 2850 petitis:
742 2782 827 2835 uultis
846 2781 977 2835 audiam?
997 2780 1139 2835 Petentem
1158 2780 1251 2834 audite

318 2868 452 2934 petentes
469 2866 560 2919 Vultis
576 2867 718 2934 accipere?
734 2865 815 2919 Date
831 2868 862 2919 et
877 2866 1008 2922 dabitur
1022 2865 1128 2918 uobis:
1144 2864 1252 2917 dimit·

316 2952 386 3017 tite,
397 2952 428 3003 et
436 2950 618 3003 dimittetur
626 2950 730 3010 uobis
743 2949 867 3004 Dicimus
878 2966 930 3004 nos
939 2950 1001 3015 den,
1012 2949 1115 3003 Panem
1126 2951 1251 3004 nostrum

316 3035 501 3088 cottidianum
516 3035 554 3087 da
569 3035 650 3088 nobis
666 3034 762 3100 hodie;
780 3036 807 3087 et
823 3035 870 3088 ille
886 3033 1045 3101 respondet,
1063 3032 1144 3099 Date,
1161 3034 1188 3085 ct
1204 3032 1251 3084 da-

317 3120 390 3172 bitur
405 3119 499 3172 uobis
517 3117 641 3172 Dicimus
658 3119 721 3186 deo,
740 3117 875 3171 Dimitte
892 3118 985 3171 nohis
1001 3117 1112 3171 debita
1129 3118 1293 3181 nostra;no

305 3204 469 3271 ‘respondet
488 3204 516 3255 et
533 3202 588 3269 ille,
608 3202 755 3269 Dimittite,
775 3204 803 3255 et
819 3202 975 3255 dimittetur
992 3200 1082 3254 uobis,
1102 3199 1205 3253 Dando
1224 3202 1251 3252 et

316 3287 493 3353 dimittendo,
505 3286 672 3353 feneramus
683 3302 738 3339 non
749 3285 900 3353 perdimus
911 3283 940 3338 Si
950 3286 1023 3338 enim
1033 3284 1249 3350 consideramus,

317 3372 499 3438 dilectissimi,
521 3370 588 3438 quid
607 3370 714 3437 damuS,
734 3370 810 3423 unde
828 3369 936 3436 damus,
957 3369 1003 3437 qui
1023 3369 1130 3434 damus,
1157 3364 1251 3436 quibus

319 3495 369 3548 184
