2819 4040
439 318 515 357 ΧΧΧΙΙ.
531 321 560 358 De
573 322 697 361 ordinatione
710 324 797 373 episcopi

214 445 255 498 ll.
276 444 339 497 Hoc
358 448 447 499 autem
467 449 608 517 attendite,
628 452 728 506 iratres
748 455 809 520 mei,
828 456 858 506 ut
876 453 981 521 aliquid
1000 454 1083 506 etiam

152 531 276 583 dicamus
300 530 335 582 de
358 532 462 583 acriore
487 533 584 587 dolore
609 540 713 604 nostro,
738 538 789 591 hoc
814 539 955 605 attendite,
981 537 1234 606 fratresnaornaso

106 633 142 670 sss
152 615 240 668 nostri
263 629 346 680 quare
367 631 397 667 se
419 619 573 682 separarint
594 637 609 671 a
632 622 720 675 nohis
745 620 845 675 Dicant
867 624 956 689 nobis,
978 600 1235 689 quaredlssilliihil?

151 697 222 751 Mali
246 699 324 750 erant
345 699 477 765 episcopi.
503 700 657 756 Cathedras
682 721 745 757 suas
770 706 911 772 sedebant,
935 706 1080 759 cathedras

152 782 257 835 Christi
275 782 418 848 sedebant,
436 784 463 834 in
480 785 584 837 unitate
601 786 706 840 Christi
723 791 812 841 erant:
830 789 864 841 ab
881 790 985 842 unitate
1002 806 1080 856 sepa-

151 867 204 919 rari
213 882 272 919 non
281 867 438 932 oportebat.
455 866 525 919 lltlali
536 872 613 921 erant
624 873 688 937 ipsi:
700 874 729 924 tu
739 872 853 937 faceres,
865 873 939 939 quod
950 874 1080 926 dominus

151 951 298 1018 praecepit,
315 949 405 1016 ,Quae
422 951 532 1004 dicunt
549 953 657 1021 tacite,
676 970 754 1024 quae
772 959 874 1008 autem
892 956 1016 1009 faciunt
1033 957 1080 1010 ia·

105 1050 219 1090 noscere
232 1034 342 1087 nolite.
354 1032 449 1100 ,Quare
462 1038 488 1088 te
502 1052 517 1088 a
529 1037 658 1090 cathedra
672 1037 777 1092 Christi
790 1041 943 1105 separasti?
956 1039 983 1093 Si
997 1041 1080 1107 pesti-

151 1119 286 1171 lentiosus
305 1118 342 1171 ibi
360 1119 441 1184 sedit,
460 1119 569 1172 audires
587 1138 635 1187 per
653 1123 739 1188 illum,
757 1139 812 1175 non
830 1124 975 1175 imitareris
993 1125 1078 1178 illum.

152 1202 187 1255 Et
202 1205 294 1255 tamen
310 1205 390 1268 potes
407 1203 533 1270 probare,
549 1220 609 1257 cum
626 1206 703 1272 dicis,
721 1205 932 1259 pestilentiosas
948 1208 985 1259 ibi
1002 1208 1079 1260 sede-

149 1287 216 1339 bat?
228 1285 283 1339 Sed
295 1302 348 1353 ego
361 1289 387 1339 te
400 1287 490 1353 probo
503 1289 732 1356 pestilentiosum,
746 1292 791 1357 qui
804 1290 961 1342 cathedram
974 1290 1078 1344 Christi

149 1370 289 1423 dimisisti.
301 1368 389 1436 Quod
400 1373 429 1423 tu
441 1371 519 1436 dicis,
532 1372 667 1425 occultum
679 1376 732 1425 est:
745 1374 820 1440 quod
832 1389 884 1439 ego
897 1374 967 1439 dico,
980 1374 1077 1440 probo.

104 1467 140 1506 395
150 1455 295 1522 Separatio
313 1457 360 1508 tua
378 1457 405 1507 te
416 1450 428 1524 ΙΙ
437 1455 524 1522 punit,
543 1456 672 1510 discissio
691 1459 738 1509 tua
757 1460 783 1510 te
803 1458 889 1523 punit.
909 1455 994 1508 Simul
1013 1459 1077 1510 emti
1087 1471 1119 1510 ror.
1134 1472 1167 1509 102

149 1554 253 1605 sumne,
275 1555 330 1592 uno
351 1540 440 1606 pretio
460 1541 611 1607 comparati
632 1556 738 1605 sumus;
760 1541 840 1607 pretii
862 1541 949 1592 nostri
969 1541 1079 1594 tabulae

150 1624 305 1689 recitantur,
319 1626 431 1676 nostrae
443 1625 571 1677 emtionis
584 1626 796 1677 instrumentum
809 1626 932 1676 sanctum
946 1626 987 1677 cst
999 1640 1079 1677 euan-

149 1708 260 1776 gelium.
283 1707 396 1774 Aperio,
417 1708 489 1775 lego.
510 1707 589 1774 ,Quid
611 1709 724 1775 aperio?
747 1708 813 1775 quid
835 1708 917 1774 lego?
939 1706 994 1760 Ubi
1015 1710 1079 1760 emti

150 1805 253 1858 sumuS,
270 1792 317 1844 ubi
333 1792 434 1845 iratres
450 1794 477 1844 et
491 1794 618 1845 conserui
635 1807 738 1857 sumus,
754 1791 802 1844 ubi
818 1792 845 1843 in
861 1792 965 1843 unitate
980 1793 1080 1844 consti·

106 1886 142 1923 40⁰
149 1878 200 1929 tuti
214 1893 316 1930 sumus
328 1876 406 1944 Quid
418 1878 490 1930 enim
503 1879 598 1930 emerit
611 1877 749 1942 Christus,
762 1893 818 1928 non
829 1877 921 1941 tacuit,
935 1892 967 1928 ne
981 1877 1079 1942 aliquis

149 1961 189 2014 illi
202 1962 312 2015 tolleret
324 1964 532 2029 possessionem
545 1979 631 2028 suam,
644 1966 671 2016 et
683 1963 852 2029 supponeret
864 1962 992 2025 alienam,
1005 1977 1080 2028 pror-

150 2062 196 2098 sus
215 2062 270 2098 non
286 2047 371 2098 tacuit
388 2046 464 2113 quod
481 2047 554 2099 emit.
573 2046 657 2112 Aperi
674 2046 793 2112 tabulas
811 2046 883 2112 lege:
901 2047 1079 2098 instrumenta

148 2131 276 2184 confecta
294 2134 365 2197 sunt,
384 2148 439 2183 non
457 2133 523 2183 emit
541 2132 600 2183 sine
618 2132 761 2197 scriptura,
780 2130 918 2197 praeuidit
934 2130 1080 2182 calumnia-

148 2218 222 2268 tores
236 2216 358 2280 futuros3
375 2231 489 2284 prorsus
503 2215 577 2282 lecit,
591 2217 666 2283 quod
679 2216 814 2268 obiciatur
826 2216 1079 2268 calumniatoribus,

105 2318 141 2355 405
150 2299 236 2362 Quod
253 2301 361 2367 legitur,
377 2300 508 2352 creditur:
526 2300 627 2367 legitur
643 2303 742 2366 autem,
758 2300 823 2353 uide
840 2317 855 2352 a
871 2315 926 2366 quo
942 2301 1080 2367 scriptum,

149 2385 213 2437 uide
228 2400 283 2451 quo
296 2385 412 2450 dicente,
428 2385 527 2451 quibus
542 2385 750 2451 excipientibus,
767 2384 883 2437 Dicebat
897 2385 952 2450 ille,
966 2386 1080 2451 excipie-

148 2470 215 2522 bant
231 2470 364 2536 apostoli:
380 2471 536 2536 conscripta
552 2470 633 2522 nobis
649 2470 845 2536 relinquerunt.
863 2470 997 2536 Legamus
1014 2486 1079 2537 ergo

149 2555 369 2619 instrumentum,
394 2553 506 2606 iratres:
530 2569 614 2620 quare
638 2554 798 2619 litigamus?
822 2552 899 2615 Quid
924 2555 946 2606 si
970 2554 1079 2606 tabulae

148 2638 254 2691 domini
268 2639 364 2704 nostri,
377 2639 490 2690 emtoris
504 2640 600 2703 nostri,
613 2638 714 2690 tollant
727 2655 742 2689 a
755 2638 835 2690 nobis
849 2638 944 2690 litem?
956 2638 998 2690 Tu
1010 2638 1078 2690 dicis

104 2722 290 2774 aroecclesiam
307 2721 412 2775 Christi
428 2724 455 2774 in
471 2721 549 2774 Afris
566 2724 593 2774 et
609 2724 635 2773 in
651 2721 746 2774 Africa
761 2738 834 2774 esse:
850 2737 903 2787 ego
920 2723 982 2774 dico
998 2723 1079 2774 eccle·
1092 2738 1224 2793 olas-aaran.-

148 2807 216 2858 siam
234 2806 339 2859 Christi
356 2823 404 2873 per
420 2822 516 2859 omnes
532 2809 629 2873 gentes
646 2806 781 2859 diffundi.
806 2806 874 2858 Ecce
891 2807 937 2859 ubi
954 2807 1078 2873 quaestio
1101 2789 1216 2865 ”Eiiiiffif‘

111 2913 112 2916 ¹
147 2894 197 2957 est,
211 2907 271 2943 ecce
283 2891 357 2943 unde
370 2892 429 2943 rixa
442 2892 513 2943 inter
526 2892 635 2943 iratres.
649 2890 754 2957 litigas
767 2893 797 2943 tu
810 2907 862 2957 pro
875 2894 963 2957 parte:
978 2892 1078 2957 litigaS,

147 2976 177 3026 ut
195 2976 222 3026 in
240 2977 317 3041 parte
334 2991 485 3028 remaneas.
506 2974 567 3040 Ego
585 2975 635 3027 tihi
652 2975 820 3040 contradico
838 2977 868 3027 ut
885 2977 973 3027 totum
991 2976 1079 3040 possi-

148 3059 223 3111 deas.
249 3058 382 3124 lntellege
404 3059 479 3110 litem
501 3059 674 3124 concordem,
698 3059 828 3125 intellege
852 3060 927 3112 litem
949 3059 1078 3111 caritatis.

103 3161 138 3197 415
149 3143 213 3196 Non
226 3144 276 3195 tibi
288 3144 359 3209 dico,
371 3143 465 3196 Victus
478 3160 516 3209 eS,
529 3143 633 3196 recede.
646 3142 689 3195 hb
703 3145 782 3196 initio
795 3145 867 3196 enim
880 3144 1079 3210 displicuerunt

148 3228 263 3281 domino
276 3231 371 3280 nostro
385 3228 446 3280 lesu
459 3227 573 3280 Christo
585 3227 722 3280 diuisores
735 3229 906 3282 hereditatis.
920 3228 990 3281 Nam
1002 3245 1079 3295 prae-

148 3313 249 3366 dicanti
264 3314 291 3365 in
303 3314 414 3379 populis
427 3314 571 3365 ueritatem
584 3313 622 3364 ait
634 3327 705 3365 unus
718 3313 752 3365 de
765 3315 856 3366 turba:
871 3312 1015 3378 Domine,
1028 3314 1079 3366 dic

148 3396 242 3449 fratri
265 3414 332 3450 meo
353 3397 480 3449 diuidat
501 3413 617 3449 mecum
639 3397 859 3451 hereditatem.
885 3397 919 3449 Et
939 3398 1078 3465 dominuS,

1029 3518 1079 3571 153
