2819 4040
467 334 534 373 ltlth.
548 334 578 373 De
591 337 654 375 natale
668 347 693 376 ss.
701 339 764 385 apost.
772 337 824 375 Petri
837 339 856 374 et
870 337 923 375 Pauli

230 454 358 511 Christus
377 458 519 525 regnabat,
537 457 665 514 Christus
683 463 756 516 uires
775 461 1011 528 subministrabat,
1031 459 1161 515 Christus

228 556 284 594 non
304 541 459 607 deserebat,
479 540 608 596 Christus
628 545 655 598 in
675 549 800 600 currente
819 546 953 613 currebat,
974 545 1104 600 Christus
1124 544 1160 598 ad

228 625 348 692 palmam
363 626 539 694 perducebat.
561 626 626 681 Non
640 645 706 697 ergo
721 631 796 684 facio
810 631 945 698 iniuriam,
961 631 1073 699 quando
1087 630 1160 695 dicu,

185 716 220 753 no
228 725 283 762 non
295 711 355 777 ipse
366 709 529 764 sustinebat.
548 710 618 765 Dico
630 729 751 782 prorsus,
764 716 827 768 dico
838 729 899 767 eum
910 714 1023 781 fiducia,
1035 718 1062 767 et
1073 713 1159 767 uerba

227 809 287 846 mea
298 795 361 861 ipso
372 796 442 847 teste
453 794 603 848 confirmo
597 799 772 865 ,apostolum
784 801 908 852 sanctum
920 814 1079 853 suscensere
1091 798 1158 852 milri

227 892 282 930 non
303 879 375 945 sino,
397 878 510 945 quando
530 879 615 932 uerba
636 883 694 935 eius
715 883 756 935 illi
778 884 871 936 recit0.
907 881 966 950 Dic,
989 882 1082 949 Paule,
1103 883 1157 948 dic,

227 963 328 1028 sancte,
341 962 385 1015 dic
387 962 546 1029 ,:apostole
560 965 672 1018 audiant
661 969 711 1020 tte
724 967 826 1020 iratres
839 968 891 1020 mei
893 982 977 1034 quia
989 967 1093 1021 nullam
1106 967 1157 1020 tibi

226 1045 353 1098 iniuriam
372 1046 434 1099 teci.
457 1044 535 1113 Quid
553 1063 619 1115 ergo
637 1052 696 1117 ipse
714 1051 789 1117 dicit,
806 1066 970 1118 comparans
987 1064 1017 1104 se
1035 1052 1062 1103 in
1081 1051 1157 1104 labo·

183 1135 217 1172 1¹5
226 1128 301 1182 ribus
320 1130 492 1197 coapostolis
510 1132 587 1185 suis?
605 1131 668 1187 Non
686 1135 778 1188 timuit
796 1135 895 1201 dicere,
915 1134 991 1188 Plus
1008 1136 1156 1189 omnibus

226 1212 294 1266 illis
311 1213 466 1269 laboraui.
491 1214 547 1268 lam
564 1217 606 1270 bic
622 1218 687 1271 mihi
704 1219 899 1285 respondetur:
916 1217 1000 1271 Certe
1015 1234 1070 1271 non
1087 1219 1154 1285 lpse.

156 1294 157 1297 ’
226 1297 278 1350 Dic
295 1314 363 1365 ergo
380 1299 455 1366 quod
473 1302 604 1369 sequitur,
623 1319 656 1356 ne
674 1304 728 1356 ista
744 1303 844 1356 dilatio
861 1317 922 1355 mea
939 1303 975 1354 sit
992 1301 1155 1355 infirmatio.

225 1380 291 1434 Plus
307 1382 437 1436 omnibus
451 1383 506 1436 illis
521 1384 654 1440 laboraui.
671 1385 728 1439 lam
743 1387 809 1439 mihi
825 1386 905 1438 irasci
919 1386 1084 1452 coeperatis:
1105 1385 1155 1438 sed

224 1466 369 1519 intercedit
388 1482 510 1534 prome,
530 1470 557 1521 et
576 1470 783 1536 quodammodo
804 1469 955 1537 alloquitur
973 1484 1033 1522 uos.
1060 1467 1155 1521 Nolite

181 1550 316 1603 12⁰irasci:
334 1567 395 1604 non
411 1567 470 1619 ego
487 1555 601 1621 autem,
618 1554 675 1607 sed
690 1554 796 1621 gratia
813 1553 863 1605 dei
881 1566 1005 1604 mecum.
1028 1550 1072 1604 Sic
1089 1567 1155 1617 ergo

223 1635 250 1686 et
264 1634 299 1687 de
313 1636 444 1702 passione
459 1652 508 1690 sua
523 1638 682 1691 imminente
697 1639 823 1705 loquens
838 1638 915 1689 cuius
930 1635 991 1688 dies
1005 1635 1155 1688 hodiernus
1171 1662 1211 1692 ιιιιι
1223 1663 1300 1693 ιιιιιιιι

223 1718 454 1773 sollemnissimus
473 1722 571 1788 agitur,
588 1722 655 1789 quid
672 1721 762 1774 dixit?
786 1720 855 1788 Ego
872 1720 978 1772 enim
971 1734 1031 1772 ram
1049 1721 1156 1772 immo-
1184 1671 1222 1788 Ἓξ
1221 1711 1288 1789 ἶῠῗξξ·

223 1802 283 1870 lor,
301 1806 331 1856 et
346 1806 470 1872 tempus
488 1805 700 1859 resolutionis
718 1820 804 1858 meae
822 1806 930 1857 instat.
956 1802 1075 1856 bonurn
1091 1819 1156 1856 cer-

222 1888 326 1940 tamen
347 1890 479 1955 certaui‚
499 1903 624 1942 cursum
645 1888 875 1954 consummaui,
897 1886 997 1940 iidem
1018 1889 1154 1940 seruaui.

178 1968 1155 2039 nsDeceterosuperestminicoronarustitiae‚quan1reddet

221 2053 295 2106 mihi
307 2056 455 2108 dominus
467 2057 497 2107 in
509 2056 567 2109 illa
578 2053 764 2125 dielliustus
775 2056 879 2109 iudex.
895 2053 1015 2113 Reddet:
1027 2058 1069 2109 est
1080 2056 1152 2108 enim
1163 2070 1195 2107 ror.
1211 2071 1242 2107 121

220 2139 263 2190 cui
282 2138 389 2192 reddat.
415 2138 523 2191 ssonum
542 2142 679 2193 certamen
698 2141 809 2205 certaui‚
829 2155 938 2192 cursum
956 2141 1153 2206 consummaui,

221 2222 309 2275 tidem
329 2225 447 2276 seruaui.
475 2222 599 2276 Debetur
619 2225 695 2290 quod
715 2224 852 2276 redditur:
873 2223 924 2275 sed
944 2239 999 2276 non
1019 2224 1093 2275 esset
1111 2225 1152 2276 cui

220 2306 375 2374 deberetur,
391 2309 443 2360 nisi
458 2309 483 2360 ei
498 2311 718 2375 praerogaretur,
733 2307 808 2374 quod
823 2322 878 2359 non
894 2306 1055 2360 debebatur.
1071 2305 1153 2360 Certe

178 2389 301 2443 arandis
329 2391 414 2444 modo
442 2392 478 2443 de
505 2391 550 2444 dei
578 2391 675 2444 debito
703 2394 931 2459 praesumentem,
961 2390 1041 2443 audis
1069 2390 1153 2443 modo

221 2472 363 2526 Christum
377 2474 550 2527 reddentem:
564 2475 628 2527 audi
643 2490 691 2542 per
704 2477 794 2542 ipsum
809 2473 926 2527 Paulum
940 2474 1064 2527 indebita
1077 2489 1153 2541 prae-

219 2560 372 2624 rogantem.
397 2557 467 2612 Non
484 2570 563 2625 sum‘,
580 2561 677 2626 inquit,
694 2560 830 2612 idoneus
847 2559 955 2612 uocari
973 2559 1152 2625 apostolus,

220 2643 293 2709 quia
307 2645 495 2709 persecutus
509 2658 576 2695 sum
591 2643 757 2696 ecclesiam
772 2643 832 2696 dei.
853 2641 944 2695 Modo
960 2642 1072 2696 attende
1086 2642 1152 2709 quid

219 2726 380 2793 debebatur,
400 2727 443 2779 cui
462 2727 542 2779 uides
563 2729 616 2779 iam
637 2728 795 2793 praeparari
815 2741 958 2779 coronam:
979 2727 1055 2792 prius
1075 2725 1152 2777 illurn

176 2821 210 2858 135
220 2810 339 2877 attende,
354 2812 382 2863 et
394 2811 460 2863 uide
475 2812 527 2863 nisi
544 2813 571 2863 in
586 2811 668 2863 iactis
683 2811 798 2876 dignum
813 2809 921 2862 inuenis
936 2825 1035 2875 poena.
1058 2806 1152 2861 Perse-

218 2897 297 2947 cutus
318 2894 462 2947 ecclesiam
482 2895 536 2960 dei,
560 2910 613 2961 qua
635 2909 712 2948 cruce
735 2910 790 2946 non
813 2894 915 2960 dignus
937 2893 998 2946 est?
1020 2908 1089 2960 quae
1111 2892 1151 2944 illi

218 2978 360 3044 puniendo
382 2980 520 3030 tormenta
541 2977 725 3031 sufficerent?
748 2975 813 3029 Non
836 2992 897 3029 sum
920 2977 1031 3044 dignuS,
1054 2977 1150 3044 inquit,

216 3063 310 3115 uocari
323 3061 476 3128 apostolus.
497 3060 558 3128 Ego
570 3063 627 3114 scio
640 3061 707 3127 quid
720 3059 786 3113 mibi
798 3060 963 3114 debebatur:
976 3060 1150 3127 apostolatus

216 3146 292 3212 mihi,
308 3147 354 3213 qui
369 3147 528 3213 persecutus
544 3160 604 3198 sum
620 3144 762 3198 ecclesiam
778 3145 835 3198 dcl!
859 3144 941 3198 Unde
956 3160 1023 3211 ergo
1039 3146 1150 3211 aposto-

173 3229 278 3283 nolus9
292 3228 438 3296 Sedgra
427 3228 537 3281 rader
552 3243 619 3281 surn
634 3228 810 3295 quodsum
825 3227 956 3296 Ogratra
970 3229 1056 3295 gratis
1071 3228 1148 3281 datal
1167 3248 1235 3303 peusin
1247 3248 1294 3278 nun

217 3313 326 3367 lnuenit
338 3313 414 3380 quod
426 3313 544 3380 puniret,
525 3312 607 3365 tsed
621 3312 687 3365 tecit
700 3312 776 3378 quod
788 3315 942 3366 coronaret
961 3312 1060 3365 Videte
1073 3305 1221 3379 quod‘'¹uen
1174 3354 1183 3381 ,
1185 3353 1228 3374 „„„
1207 3299 1239 3381 ιζ,
1244 3298 1286 3374 (ἓξὲξ

215 3400 347 3465 sequitur.
374 3397 481 3463 Gratia,
502 3398 598 3464 inquit,
580 3396 664 3450 tdei
686 3411 746 3449 sum
768 3397 844 3463 quod
865 3412 934 3450 surn
956 3395 1027 3449 Nam
1048 3398 1075 3450 et
1095 3393 1269 3464 egomenum
1250 3394 1297 3421 ⁰³¹²*

213 3530 228 3561 S.
236 3532 318 3569 Augustini
331 3534 407 3564 tractatus,
441 3527 452 3563 7
1117 3515 1151 3567 97
