2819 4040
418 298 486 337 xxiv.
500 298 530 336 De
544 297 608 336 natale
621 309 647 336 ss.
656 302 718 348 apost.
729 299 781 338 Petri
794 301 813 339 et
826 298 880 339 Pauli

150 430 173 468 ³5
181 424 268 477 teram
283 427 369 493 patris
385 428 412 479 in
427 425 505 478 caelo
520 425 681 481 sedentem?
695 427 751 481 Sed
765 427 803 479 ibi
818 428 900 494 caput
914 426 1056 494 regnabat,
1071 423 1116 478 hic

182 507 271 561 adhuc
285 511 408 563 membra
423 509 596 562 laborabant.
620 510 682 577 lpse
697 529 749 565 nos
764 512 864 564 doctor
877 512 1000 579 gentium
1015 511 1114 564 beatus

182 593 326 659 apostolus
350 593 454 647 Paulus
480 593 583 660 docuit,
607 594 642 646 ad
665 594 807 649 Christum
830 595 896 662 quid
919 611 1024 648 sumus:
1049 594 1113 649 Vos

181 679 295 745 autem,
315 680 411 746 inquit,
430 679 510 730 estis
528 693 644 744 corpus
664 679 786 733 Christi
805 682 836 732 et
854 680 998 733 membra.
1022 678 1113 733 Totus

180 776 246 828 ergo
265 761 403 828 Christus,
419 763 502 827 caput
518 763 545 814 et
562 762 691 817 membra.
714 764 813 817 Videte
830 765 858 816 in
875 766 970 817 nostro
986 778 1111 830 corpore,

147 846 293 912 40accipite
306 844 525 898 similitudinem.
544 843 573 896 Si
586 845 660 898 forte
673 848 700 900 in
713 848 795 901 turba
808 846 958 914 affligaris,
971 851 998 900 et
1011 848 1111 914 aliquis

178 928 229 980 tibi
245 929 344 996 pedem
358 929 452 994 calcet,
467 930 549 995 caput
564 944 615 996 pro
631 932 700 997 pede
714 931 822 984 clamat.
846 930 882 983 Et
896 931 963 998 quid
978 933 1020 984 est
1035 930 1111 998 quod

178 1012 297 1066 clamat?
316 1012 416 1066 Calcas
430 1028 480 1065 me.
501 1011 607 1079 Saule,
620 1013 725 1081 Saule,
740 1015 816 1082 quid
829 1030 875 1067 me
887 1014 1111 1082 persequeris?

177 1094 301 1162 ,Quando
319 1098 392 1148 enim
409 1095 509 1149 Saulus
527 1097 713 1164 euangelistas
731 1098 955 1166 persequebatur,
973 1114 1023 1165 per
1040 1113 1110 1165 quos

177 1179 308 1232 dominus
331 1182 391 1232 toto
413 1180 480 1232 orbe
503 1180 652 1248 ferebatur,
675 1182 760 1249 pedes
784 1181 889 1236 Christi
913 1182 947 1234 ab
970 1198 1003 1234 eo
1024 1181 1110 1233 calea-

145 1268 168 1304 45
176 1262 288 1316 bantur:
301 1265 329 1315 in
341 1263 396 1316 illis
409 1265 481 1316 enim
494 1263 623 1317 Christus
636 1266 693 1319 ibat
705 1267 741 1318 ad
752 1269 858 1333 gentes
871 1268 898 1317 in
911 1265 967 1317 illis
979 1264 1109 1319 Christus

176 1362 374 1414 usquequaque
388 1348 522 1401 currebat.
545 1347 597 1401 Pes
612 1349 722 1403 iuturus
737 1350 822 1417 pedes
836 1349 1013 1405 <calcabat>
1027 1363 1109 1400 euan-

175 1431 278 1499 gelium
298 1431 404 1484 domini
424 1448 473 1498 per
491 1432 586 1485 orbem
604 1435 739 1486 terrarum
759 1435 918 1501 portaturos
938 1432 1108 1484 hominibus:

175 1513 299 1566 calcabat
319 1514 394 1581 quod
414 1515 524 1567 tuturus
544 1518 604 1582 ipse
623 1519 689 1569 erat.
715 1514 818 1582 Quam
838 1516 979 1582 speciosi
999 1513 1108 1581 pedes,

175 1597 311 1665 propheta
323 1598 397 1665 dicit,
409 1599 506 1652 doctor
517 1601 576 1666 ipse
588 1603 793 1666 commemorat,
806 1614 914 1652 eorum
926 1599 978 1665 qui
991 1614 1109 1650 annun-

142 1684 257 1734 5⁰tiant
268 1698 388 1749 pacem,
402 1685 453 1750 qui
468 1686 658 1736 annuntiant
670 1683 766 1736 bona!
788 1682 850 1735 lloc
863 1682 946 1734 etiam
959 1683 987 1733 in
1001 1680 1109 1748 psalmo
1123 1679 1255 1764 Cffijffgfl

174 1767 400 1820 cantauimuszln
417 1783 539 1820 omnem
555 1772 671 1822 terram
689 1768 790 1820 exiuit
806 1782 904 1820 sonus
921 1782 1037 1819 eorum.
1054 1766 1109 1819 Vis

173 1850 268 1902 uidere
280 1866 335 1917 quo
346 1851 475 1904 Christus
485 1848 496 1923 ΙΙ
508 1869 556 1920 per
566 1855 636 1905 istos
647 1852 733 1919 pedes
744 1850 920 1918 peruenerit?
932 1849 971 1903 Et
981 1852 1011 1902 in
1022 1850 1035 1902 f
1040 1852 1108 1903 ines
1116 1860 1150 1898 fol
1165 1862 1199 1897 120

173 1934 262 1988 orbis
281 1938 384 1989 terrae
402 1936 499 1989 uerba
517 1952 634 1989 eorum.

263 2025 287 2077 3.
307 2024 432 2092 Denique
449 2025 593 2078 Annaniae
610 2026 741 2078 dominus
759 2025 884 2092 loquens
902 2024 1014 2092 quando
1030 2024 1107 2077 illum

141 2110 257 2161 samittit
279 2110 314 2161 ad
334 2108 448 2162 Saulum
469 2109 676 2175 baptizandum,
699 2109 806 2162 audiuit
828 2108 862 2161 ab
884 2110 946 2175 ipso
966 2107 1107 2162 annania:

174 2190 302 2259 Domine,
325 2193 419 2245 audiui
439 2193 474 2244 de
496 2194 551 2245 isto
572 2193 692 2258 homine,
714 2193 790 2259 quod
810 2192 913 2259 ubique
934 2193 1108 2259 persequitur

173 2291 269 2328 seruos
281 2279 354 2330 tuos.
372 2275 526 2343 Tamquam
538 2277 653 2328 diceret:
666 2275 737 2338 Quis
750 2289 833 2328 ouem
843 2276 934 2328 mittat
946 2276 981 2328 ad
994 2276 1107 2342 lupum?

171 2358 296 2412 Ananias
322 2362 395 2412 enim
420 2360 536 2412 uerbum
562 2362 604 2412 est
629 2361 786 2426 hebraeum,
813 2360 889 2426 quod
915 2360 999 2413 latine
1026 2362 1107 2413 inter·
1126 2356 1247 2443 lggssssssff

171 2446 295 2510 pretatur
315 2446 386 2497 ouis.
414 2443 456 2497 De
477 2443 562 2497 Saulo
584 2447 674 2497 autem
696 2445 791 2497 futuro
813 2443 910 2510 Paulo,
930 2447 1106 2510 persecutore

139 2526 267 2579 soluturo
299 2527 497 2594 praedicatore,
527 2527 663 2596 propheta
693 2529 884 2594 praemiserat:
929 2526 1105 2594 Beniamin,

171 2609 265 2677 lupus
281 2626 386 2677 rapax,
409 2610 492 2663 Unde
509 2609 671 2664 beniamin?
688 2610 781 2678 lpsum
797 2610 861 2663 audi
878 2609 1005 2663 Paulum:
1028 2610 1105 2664 Nam

171 2696 201 2746 et
214 2710 273 2760 ego
288 2693 460 2747 lsrahelita
474 2710 552 2761 sum,
567 2711 730 2762 exgenere
743 2693 915 2760 Abraham,
928 2694 1014 2747 tribu
1028 2693 1106 2747 Ben-

171 2779 274 2830 iamin.
296 2778 389 2845 Lupus
402 2794 499 2846 rapax:
515 2796 603 2831 mane
617 2780 732 2845 rapiet,
747 2778 787 2830 ad
799 2793 967 2845 uesperum
981 2778 1106 2830 diuidet

170 2878 271 2929 escas;
291 2865 367 2931 prius
380 2866 532 2931 consumet,
546 2866 645 2931 postea
658 2865 759 2930 pascet.
776 2860 929 2914 Diuidebat
942 2863 1015 2914 enim
1029 2877 1104 2914 escas

138 2959 161 2997 05
170 2949 224 3000 iam
236 2947 283 3000 ille
295 2948 477 3015 praedicator,
491 2950 607 3009 nouerat
619 2948 685 3014 quid
697 2948 740 2999 cui
752 2947 843 2999 daret:
856 2947 932 3013 quod
945 2947 1104 2999 alimentum

169 3032 391 3085 subministraret
405 3033 520 3098 aegroto
533 3034 560 3083 et
574 3031 696 3098 infirm0,
711 3046 765 3097 quo
779 3031 841 3083 cibo
855 3033 980 3097 pasceret
993 3029 1102 3082 fortem.
1120 3032 1248 3110 Qssffiujggrffffl

171 3115 308 3168 Diuidens
325 3117 397 3168 enim
415 3131 500 3181 escas,
518 3116 655 3181 diuidens,
674 3130 730 3166 non
748 3116 853 3181 passim
871 3115 1016 3181 proiciens,
1034 3114 1103 3164 diui-

169 3199 239 3252 dens
264 3201 336 3252 enim
360 3215 437 3251 escas
461 3198 582 3251 dicebat:
611 3197 649 3250 Et
673 3213 743 3264 eg0,
769 3197 901 3265 iratres
926 3213 988 3250 non
1012 3198 1103 3264 potui

169 3283 259 3351 loqui
275 3285 368 3336 uobis
385 3285 475 3350 quasi
492 3282 709 3349 spiritalibus
727 3282 783 3335 sed
800 3284 891 3349 quasi
907 3281 1102 3347 carnalibusg

138 3370 327 3435 rotamquam
345 3367 490 3435 paruulis
510 3368 540 3419 in
559 3365 692 3419 Christo
711 3365 759 3419 lac
775 3366 870 3419 uobis
889 3369 998 3434 potum
1016 3365 1104 3431 dedi,

1069 3482 1104 3535 95
