2819 4040
478 409 556 485 DE
581 410 873 486 DASSIONE
899 411 1096 488 DOMINI

465 558 540 610 assio
555 557 661 611 domini
676 560 703 611 et
716 559 865 613 saluatoris
880 561 968 614 nostri
984 560 1047 613 lesu
1061 559 1167 614 Christi
1181 558 1255 612 fidu-

474 645 516 696 cia
531 642 639 710 gloriae
654 647 704 709 est,
721 645 748 697 et
763 645 890 698 doctrina
907 645 1064 712 patientiae.
1086 643 1165 710 Quid
1181 644 1253 697 enim

275 736 311 773 ⁴¹0v
476 743 532 779 non
550 727 603 780 sibi
619 728 654 780 de
670 728 715 780 dei
731 729 821 794 gratia
838 731 1002 795 promittant
1020 726 1098 780 corda
1111 724 1255 797 bdellium,

475 826 526 877 pro
548 810 648 877 quibus
668 811 713 863 dei
734 810 813 864 filius
834 814 931 866 unicus
953 815 980 865 et
1000 813 1071 879 patri
1092 813 1273 864 coaeternuss

319 909 415 959 parum
432 894 486 948 fuit
500 898 530 948 ut
544 895 629 949 homo
645 912 678 948 ex
692 894 804 949 bomine
820 900 986 962 nasceretur,
1002 897 1055 949 nisi
1071 897 1153 949 etiam
1169 895 1254 949 mani-

318 977 370 1030 bus
383 978 535 1045 hominum,
548 995 618 1046 quos
630 981 741 1046 creauit,
755 984 908 1034 moreretur
920 983 980 1049 ipse
994 981 1028 1033 ab
1041 980 1100 1034 eis?
1118 979 1253 1046 Magnum

318 1063 449 1130 estquod
462 1063 587 1117 futurum
600 1081 616 1116 a
629 1064 745 1117 domino
757 1066 928 1131 promittitur
942 1065 1034 1118 nobis:
1049 1064 1098 1118 sed
1112 1065 1199 1117 multo
1212 1067 1253 1117 est

318 1147 406 1199 maius
419 1148 496 1214 quod
507 1148 653 1201 recolimus
666 1148 720 1201 iam
733 1148 838 1201 lactum
850 1165 912 1202 esse
924 1166 975 1216 pro
988 1150 1078 1203 nobis.
1099 1148 1154 1202 Ubi
1167 1149 1252 1214 erant,

318 1232 365 1282 aut
385 1232 453 1298 quid
471 1234 557 1297 erant,
578 1231 691 1300 quando
711 1248 762 1299 pro
783 1234 876 1300 impiis
897 1236 1022 1286 mortuus
1043 1235 1085 1285 est
1105 1231 1284 1285 Christus?1o

316 1312 389 1380 Quis
402 1315 511 1368 dubitet
521 1331 583 1368 eum
595 1309 763 1369 donaturum
776 1318 879 1370 sanctis
891 1318 977 1370 uitam
989 1332 1075 1382 suam,
1089 1317 1134 1383 qui
1147 1316 1252 1369 eisdem

317 1399 435 1453 donauit
451 1400 541 1453 adhuc
556 1402 673 1453 mortem
689 1401 787 1454 suam?
808 1400 887 1467 Quid
903 1403 1045 1454 cunctatur
1061 1402 1180 1453 humana
1197 1400 1252 1453 ira-

316 1484 411 1549 gilitas
430 1484 541 1537 credere
560 1484 685 1537 futurum*
702 1500 772 1551 esse,
791 1487 822 1537 ut
840 1486 937 1538 uiuant
955 1485 1088 1538 homines.
1101 1484 1252 1551 aliquando

316 1582 377 1619 cum
391 1567 464 1621 deo?
482 1568 575 1621 Multo
587 1567 776 1621 incredibilius
790 1569 844 1621 iam
858 1569 1025 1634 factumest,
1039 1567 1114 1635 quod
1127 1570 1251 1621 mortuus

317 1654 359 1704 est
372 1654 486 1719 propter
498 1652 624 1705 homines
637 1651 715 1706 deus.
734 1650 806 1714 Quis
820 1655 893 1705 enirn
907 1655 949 1705 est
962 1652 1100 1718 Christus,
1115 1652 1167 1705 nisi
1181 1651 1251 1705 illud
1260 1665 1282 1703 15

317 1735 393 1801 quod
412 1736 442 1787 in
460 1737 622 1803 principio
640 1738 707 1788 erat
724 1735 860 1789 Verbum
879 1739 910 1789 et
928 1736 1064 1789 Verbum
1081 1738 1150 1789 erat
1168 1736 1251 1803 apud

316 1818 420 1886 deum,
443 1822 473 1872 et
493 1820 572 1873 deus
594 1823 662 1873 erat
683 1820 838 1874 Verbum?
868 1820 931 1873 Hoc
953 1820 1090 1874 Verbum
1111 1821 1157 1873 dei
1179 1817 1251 1874 caro

316 1902 435 1956 factum
451 1907 511 1970 est,
526 1906 557 1957 et
571 1904 731 1957 habitauit
746 1905 776 1957 in
793 1905 896 1958 nobis.
919 1903 984 1957 Non
1000 1904 1072 1957 enim
1088 1904 1208 1956 habebat
1223 1904 1250 1956 in

313 1985 452 2054 semetipso
476 1986 545 2039 unde
572 1989 712 2039 moreretur
738 2003 785 2056 pro
809 1986 890 2051 nobis
917 1985 963 2039 nisi
991 1986 1122 2040 mortalem
1150 2001 1250 2039 carnem

315 2074 460 2125 sumsisset
480 2089 514 2125 ex
533 2073 624 2127 nobis,
651 2073 695 2126 Sic
716 2074 872 2127 inmortalis
894 2076 963 2127 mori
985 2075 1083 2140 potuit,
1105 2074 1144 2126 sic
1164 2074 1249 2126 uitam
1258 2085 1283 2122 ao

163 2169 219 2198 urum
227 2167 263 2223 ¹1³2³
278 2177 306 2224 {¹⁰1
315 2156 420 2209 donare
431 2156 595 2209 mortalibus
605 2157 706 2210 uoluit:
717 2158 866 2225 participes
877 2158 919 2210 sui
931 2159 1029 2224 postea
1039 2157 1172 2222 tacturus
1183 2171 1250 2223 quo-

162 2217 306 2302 lssssssssffissncffi
315 2254 375 2292 rum
391 2242 465 2293 esset
480 2241 557 2307 prior
572 2241 710 2308 particeps
726 2241 826 2294 iactus.
850 2228 922 2293 Nam
939 2257 988 2293 nec
1004 2240 1077 2293 unde
1094 2242 1249 2293 uiueremus

193 2313 271 2344 ¹²¹⁰‘⁶¹¹¹¹¹¹'
315 2339 367 2375 nos
384 2323 554 2377 habebamus
570 2325 605 2377 de
622 2328 728 2390 nostru,
744 2341 794 2377 nec
810 2325 885 2377 unde
901 2327 1054 2378 moreretur
1070 2323 1117 2377 ille
1134 2325 1169 2376 de
1187 2338 1249 2376 suo

315 2406 418 2459 Mirum
433 2407 550 2474 proinde
564 2407 709 2461 nobiscum
722 2408 780 2474 egit
793 2411 889 2460 mutua
903 2408 1114 2475 participatione
1127 2422 1249 2460 conmer-

314 2492 397 2543 cium:
415 2494 540 2544 nostrum
557 2494 623 2558 erat,
640 2491 715 2545 unde
732 2494 857 2544 mortuus
875 2494 928 2555 est;
946 2492 1021 2543 illius
1038 2493 1097 2556 erit,
1115 2491 1189 2544 unde
1210 2491 1249 2543 ui-
1257 2507 1280 2544 25

314 2591 419 2628 uamus
438 2575 632 2629 Verumtamen
644 2593 762 2643 carnem,
775 2592 857 2643 quam
870 2577 905 2628 de
917 2576 998 2628 uobis
1010 2576 1084 2628 unde
1097 2577 1250 2628 moreretur

315 2662 473 2727 assumpsit,
492 2662 574 2714 etiam
592 2663 689 2727 ipsam,
708 2662 839 2727 quoniam
856 2663 963 2713 creator
981 2663 1030 2726 est,
1049 2660 1138 2724 dedit;
1162 2660 1247 2713 uitam

314 2759 389 2809 uero,
407 2759 459 2811 qua
475 2747 502 2796 in
518 2747 568 2796 illo
583 2747 610 2797 et
626 2759 686 2797 cum
703 2745 752 2797 illo
768 2745 867 2797 uicturi
883 2760 986 2810 sumus,
1004 2751 1063 2797 ‘non
1080 2744 1190 2796 anobis
1207 2759 1248 2796 ac-

311 2829 392 2895 cepit.
420 2828 460 2881 lle
479 2845 528 2896 per
546 2832 606 2895 hoc,
628 2829 703 2897 quod
724 2829 822 2881 attinet
840 2828 876 2880 ad
896 2829 1021 2881 naturam
1042 2830 1173 2894 nostram,
1194 2843 1247 2894 qua

313 2911 439 2965 homines
461 2928 563 2978 sumus,
584 2929 640 2966 non
661 2914 696 2966 de
718 2927 769 2965 suo
791 2914 917 2965 mortuus
939 2914 989 2978 est,
1011 2911 1062 2964 sed
1083 2912 1118 2964 de
1138 2913 1280 2976 nostro;ao

312 2997 444 3062 quoniam
457 2996 531 3047 illius
543 2999 649 3062 natura,
661 3011 715 3063 qua
726 2997 796 3050 deus
808 2998 859 3061 est,
871 2996 941 3049 mori
954 2996 1063 3062 penitus
1076 3012 1131 3048 non
1145 2996 1246 3061 potest.

311 3078 398 3142 Quod
419 3082 510 3132 autem
529 3082 627 3132 attinet
646 3082 681 3132 ad
701 3081 789 3147 ipsius
807 3082 970 3146 creaturam,
988 3096 1070 3146 quam
1089 3080 1159 3131 sicut
1177 3079 1246 3131 deus

311 3163 386 3230 fecit,
402 3165 486 3216 etiam
501 3164 536 3216 de
551 3180 602 3216 suo
618 3167 742 3217 mortuus
759 3165 811 3216 est:
828 3165 959 3231 quoniam
975 3165 1002 3217 et
1016 3178 1134 3229 carnem,
1150 3164 1178 3214 in
1193 3178 1246 3230 qua

311 3250 437 3301 mortuus
456 3250 506 3313 est,
525 3249 584 3314 ipse
603 3247 677 3301 tecit.

368 3333 395 3386 2.
416 3331 481 3384 Non
500 3332 591 3384 solum
610 3347 676 3398 ergo
695 3332 856 3385 erubescere
876 3347 931 3384 non
951 3330 1085 3384 debemus
1104 3330 1139 3383 de
1158 3333 1278 3383 morteas

311 3416 418 3469 domini
435 3416 481 3469 dei
498 3416 595 3482 nostri,
612 3430 707 3469 uerum
725 3416 807 3469 etiam
825 3416 943 3469 maxime
961 3416 989 3468 in
1006 3431 1038 3468 ea
1055 3414 1146 3468 fidere
1163 3415 1246 3469 maxi-

313 3534 345 3586 14
