2819 4040
663 309 682 348 S.
696 310 801 358 Augustini
814 311 906 349 tractatus

333 444 469 486 praeparare,
488 447 503 473 e.
522 435 558 475 inf:
577 434 614 487 qui
632 433 652 475 ei
669 435 783 487 praeparat

362 506 445 548 donare
458 507 580 549 mercedem
592 508 612 560 9,
625 507 670 549 141.

332 581 481 634 praerogator,
497 592 543 630 opp.
558 579 648 632 largitor
663 580 695 630 18,
706 579 739 621 58.

331 653 448 704 praestare,
462 654 528 701 partic.
541 653 690 704 praestaturus
704 652 735 702 17,
744 651 781 702 72;

360 724 394 777 32,
406 725 452 765 104.

329 798 469 848 praesumtor
486 796 504 836 A
521 798 540 851 9,
551 797 598 838 310.

329 868 454 921 pretiositas
471 868 489 908 A
504 869 580 922 2,137.
598 869 644 910 138.
661 869 707 910 219.

329 940 397 993 prode
414 952 462 982 esse
478 941 511 993 28,
523 941 574 991 246;
590 941 624 992 30,
635 942 673 991 36;
688 940 779 993 32,118.

328 1012 438 1066 profiteri:
457 1012 641 1057 confiteamur...
659 1011 695 1055 uel
714 1013 778 1054 etiam

357 1083 502 1138 profiteamur
518 1086 537 1138 3,
551 1085 584 1127 44.

327 1157 442 1210 promissa,
459 1169 495 1199 ae:
510 1157 575 1210 imple
590 1157 711 1211 promissas
726 1156 778 1198 fidei

357 1229 376 1270 A
389 1231 407 1283 1,
419 1230 453 1272 45.

326 1302 447 1355 promissor
465 1303 499 1356 30,
510 1302 543 1343 61.

325 1373 449 1427 proximus:
466 1373 493 1415 de
509 1373 609 1427 proximo
627 1372 657 1427 (=
672 1371 775 1426 continuo)

356 1446 374 1486 A
386 1447 405 1499 3,
417 1446 451 1488 33.

324 1519 417 1575 pugnari
431 1522 513 1570 depon?
527 1520 561 1573 32,
572 1519 598 1561 56
612 1517 661 1561 adn.

822 445 832 475 s
847 448 883 484 pro
898 447 923 476 x:
937 436 1038 477 escusata
1053 436 1085 489 29,
1097 436 1123 477 26
1135 435 1185 480 adn.

821 517 832 546 s
845 519 888 546 om:
901 506 1040 548 remisionenr
1054 508 1087 560 32,
1098 507 1151 557 448;
1164 507 1271 568 sedenge·

851 580 878 621 rit
890 593 926 630 pro
937 578 1018 621 sedens
1030 579 1087 633 gerit
1099 580 1131 632 29,
1143 579 1189 622 136.

820 653 920 693 sanctus:
947 651 1044 705 psalmus
1071 652 1138 705 1,13;
1171 655 1270 697 sanctum

850 724 995 780 euangelium,
1005 725 1087 774 passim:
1109 726 1213 767 sanctum·
1222 738 1270 768 san-

849 796 939 851 guinem
954 796 973 837 A
986 798 1005 850 2,
1020 798 1053 839 54.
1068 798 1100 839 63.

819 868 908 922 sanitas,
925 870 977 919 plur:
995 869 1099 911 sanitates
1117 868 1188 911 facere
1206 870 1238 922 19,
1249 871 1268 914 2.

818 939 895 982 sedere
908 954 923 980 c.
935 953 1003 981 accus:
1016 940 1130 982 cathedras
1143 952 1195 982 suas
1206 941 1268 984 sede-

847 1011 907 1065 bant,
927 1012 1041 1055 cathedras
1060 1011 1141 1055 Christi
1161 1011 1268 1057 sedebant

847 1086 881 1137 32,
892 1085 939 1127 386.

816 1156 906 1199 seducto
920 1158 953 1211 31,
963 1157 996 1199 47.

816 1229 952 1271 seductorius
967 1230 1001 1283 31,
1012 1230 1045 1272 55.

815 1303 902 1355 siccare,
912 1305 979 1343 absol:
990 1302 1040 1344 fons
1051 1301 1087 1356 qui
1098 1301 1189 1344 fundere
1197 1302 1265 1355 nouit,

844 1375 925 1418 siccare
940 1388 984 1418 non
998 1376 1060 1417 nouit
1075 1376 1107 1429 19,
1117 1376 1150 1418 42.

814 1447 881 1501 solus,
898 1450 937 1488 dat.
955 1448 1027 1491 solae:
1044 1461 1085 1490 nec
1101 1448 1162 1490 solae
1178 1447 1264 1491 Africae

774 1528 775 1532 ¹
844 1521 876 1574 aa,
888 1521 920 1563 51.

774 1636 775 1639 ,
813 1592 918 1645 spinosus
933 1592 952 1634 A
966 1594 985 1646 3,
1000 1593 1033 1635 41.
1050 1594 1082 1635 53.
1097 1593 1131 1635 55.

323 1713 428 1764 quantum
443 1711 470 1753 ad
481 1711 517 1766 ⁴22,
527 1712 560 1754 46.

323 1796 389 1837 quare
406 1785 435 1837 (=
450 1784 506 1838 quid)
523 1785 555 1838 18,
565 1785 592 1826 48
600 1796 628 1827 ss.

323 1855 383 1911 quia:
406 1870 456 1900 ecce
477 1858 527 1911 quia
548 1870 593 1900 non
614 1856 656 1900 feci
675 1857 773 1899 iniuriam

351 1931 384 1984 32,
396 1931 429 1973 50.

320 2137 330 2166 r
350 2138 392 2165 orn:
414 2123 517 2177 eripimus
538 2125 571 2178 29,
581 2125 620 2175 39;
643 2125 771 2178 patempro

348 2198 433 2250 partem
448 2198 480 2250 29,
491 2197 524 2238 33.

318 2268 414 2311 recidiuo
429 2271 568 2313 sacramento
584 2268 603 2309 A
619 2270 638 2321 2,
649 2269 681 2310 66.

317 2341 419 2384 reddere:
434 2341 558 2394 symbolum
572 2341 590 2394 1,
602 2341 648 2384 296.
659 2341 712 2391 3013
726 2352 769 2382 ser·

347 2426 435 2456 monem
452 2415 485 2468 32,
496 2415 515 2456 3.

317 2486 452 2542 refrigerare,
463 2499 524 2527 sensu
535 2499 591 2536 pass:
604 2485 623 2526 A
634 2486 653 2538 8,
665 2486 697 2527 27.

316 2559 461 2613 respondere:
475 2559 534 2612 quod
547 2558 622 2601 dixero
634 2557 767 2611 respondete

347 2631 399 2685 A3,
414 2633 446 2673 75.

315 2716 441 2758 resurgere:
457 2704 479 2745 in
496 2705 605 2746 aeternam
622 2702 718 2756 uigiliam
735 2714 766 2744 re-

343 2776 435 2818 surrecti
450 2777 469 2829 4,
480 2777 513 2818 37.

314 2861 429 2891 reuocare:
438 2848 575 2891 sollemnitas
586 2860 630 2890 non
641 2848 723 2889 factum
733 2859 765 2889 re-

344 2926 415 2975 uocat,
430 2921 470 2964 sed
484 2922 610 2964 memoriam
625 2922 717 2963 renouat
732 2922 764 2973 20,

343 2996 367 3047 43
383 2995 500 3038 celebratio
508 3007 553 3037 non
563 2995 661 3048 elapsum
668 2994 763 3046 reuocat,

341 3069 489 3122 sed...26,5.

311 3140 388 3181 rimula
410 3139 429 3180 A
450 3139 526 3192 2,168.

312 3211 383 3266 robor,
401 3225 468 3252 accus:
484 3212 551 3253 robor
567 3210 646 3253 addere
662 3210 728 3252 ramis
744 3210 762 3262 1,

341 3286 388 3328 290.

309 3512 362 3566 248

813 1665 877 1718 stare,
888 1667 912 1705 ad
922 1666 982 1716 alqm:
998 1664 1058 1707 Deus
1068 1665 1112 1706 stat
1120 1663 1148 1707 ad
1157 1666 1178 1706 te
1188 1665 1221 1716 30,
1228 1665 1261 1707 49.

811 1748 890 1779 suasor
900 1736 922 1777 :A
932 1738 953 1791 3,
966 1737 1002 1787 18;
1015 1737 1097 1791 peccati
1110 1738 1144 1790 31,
1156 1737 1189 1779 22.

811 1808 864 1850 sub:
883 1808 924 1850 sub
943 1809 1008 1852 uenia
1025 1809 1122 1851 uiuimus
1139 1809 1216 1862 33,17.
1228 1809 1260 1850 24.

843 1883 939 1932 25,113;
953 1881 1064 1924 subdolis
1079 1880 1194 1924 subtilibus
1209 1880 1228 1922 A
1241 1883 1260 1934 2,

841 1954 874 1996 21.

809 2024 902 2068 subdole
917 2025 937 2067 A
950 2027 969 2080 2,
979 2027 1013 2068 33.

809 2097 908 2140 subdolis
921 2097 1005 2140 insidiis
1019 2097 1039 2139 A
1052 2099 1071 2151 2,
1081 2099 1114 2140 93.

809 2169 937 2223 sublimitas,
956 2173 1007 2221 plur:
1026 2171 1121 2225 cogitare
1140 2169 1258 2213 sublimita-

838 2245 871 2286 tes
884 2244 975 2297 32,192.

807 2315 913 2358 sufferre:
930 2315 1020 2358 destinis
1037 2306 1130 2357 sufferat
1145 2315 1256 2357 ruinosam

836 2388 928 2429 'domum
944 2387 962 2429 A
976 2390 995 2441 4,
1006 2389 1038 2430 86.

806 2460 1003 2514 supplicamentum
1020 2459 1039 2501 A
1054 2461 1073 2512 2,
1090 2460 1136 2502 140.
1153 2460 1200 2501 231.
1215 2460 1256 2501 234

837 2534 871 2583 (ita
892 2535 912 2572 et
930 2535 996 2572 uersio
1015 2535 1072 2572 uetus
1093 2534 1206 2580 Esai-1,13
1224 2544 1255 2581 ap.

837 2606 919 2644 Barnab.
935 2608 951 2654 2,
962 2607 973 2645 5
987 2609 1006 2644 et
1019 2602 1104 2645 Tertull.
1113 2603 1162 2645 adu.
1173 2602 1217 2644 lud.
1227 2601 1256 2656 5).

804 2688 933 2719 suscensere
948 2677 1038 2730 24,111.

804 2750 926 2803 suscipere:
939 2762 1002 2792 esses
1016 2750 1132 2803 susceptus
1146 2748 1174 2790 ab
1188 2747 1254 2789 aduo-

834 2824 883 2864 cato
904 2822 985 2875 1‚176;
1004 2823 1105 2876 parentes
1124 2821 1198 2874 uestri,
1218 2822 1253 2875 qui

834 2907 874 2937 uos
890 2895 1012 2948 suscipiunt
1028 2896 1046 2949 1,
1058 2896 1104 2937 297.

803 2967 925 3021 suspicere:
937 2978 1002 3021 quem
1013 2967 1055 3008 iam
1067 2965 1196 3022 gaudentes,
1208 2978 1252 3008 non

832 3040 976 3093 suspicientes
986 3039 1080 3081 uideatis
1092 3040 1124 3094 17,
1136 3039 1183 3080 155.

802 3110 985 3154 sustentaculum:
997 3110 1078 3153 domus
1088 3110 1107 3152 A
1118 3112 1138 3165 4,
1148 3112 1182 3152 88.

800 3259 809 3299 t
818 3257 890 3308 prod:
902 3257 983 3311 aliquit,
995 3259 1053 3310 aput,
1062 3256 1181 3299 obturatur.

800 3332 852 3383 tam,
867 3344 903 3381 pro
917 3331 991 3372 tamen
1006 3329 1076 3381 19,17
1090 3328 1145 3378 adn;
1158 3341 1193 3379 pro
1207 3328 1249 3370 ianr

830 3404 863 3456 32,
874 3403 913 3444 371
933 3401 982 3445 adn.
