2819 4040
447 343 532 382 xxxin.
545 345 575 384 De
588 347 667 385 muliere
680 347 772 386 Cananea

146 470 209 539 legi
230 470 379 536 quoniam
397 469 480 522 bona
500 474 555 525 est.
576 471 653 539 Quid
673 476 722 541 est,
742 474 886 527 consentio
906 473 981 540 legi?
1000 469 1074 534 Quia

147 553 222 621 quod
241 553 307 606 nolo
325 569 386 620 ego,
405 555 457 607 hoc
475 571 530 609 non
548 557 608 610 uult
627 559 680 612 lex:
700 559 811 626 quando
830 575 896 626 ergo
915 558 991 626 quod
1010 555 1075 609 nolo

146 653 208 708 ago,
224 640 250 690 et
264 638 316 691 hoc
330 638 396 692 nolo
412 639 487 706 quod
503 657 557 693 non
572 643 632 695 uult
647 645 697 710 lex,
712 646 856 697 consentio
873 644 926 712 legi
942 643 1073 711 quoniam

144 724 219 776 bona
240 725 290 777 est.
311 721 366 776 Sed
388 723 436 776 illa
457 726 608 790 spiritualis
630 730 679 794 est,
701 744 753 795 ego
774 728 890 781 carnalis
912 743 983 781 sum:
1006 726 1073 794 quid

112 821 136 858 4ο
145 823 211 875 ergo
226 806 296 861 fiet?
308 806 425 875 Agimus
439 809 514 874 quod
531 808 659 863 nolumus:
681 814 744 864 etsi
758 813 830 864 mala
842 814 935 865 omnia
949 827 1071 879 agamus,

145 892 263 959 inpuniti
283 892 404 945 erimus?
427 891 517 959 Absit,
538 894 595 946 noli
614 895 664 948 tibi
683 896 735 948 hoc
754 898 924 963 promittere:
943 912 961 949 ο
979 896 1071 961 homo,

144 975 256 1028 attende
276 975 352 1042 quod
370 977 505 1043 sequitur:
525 975 556 1028 Si
576 981 678 1031 autem
698 979 783 1045 quod
802 980 877 1032 nolo
896 980 954 1032 hoc
973 980 1070 1045 facio,

144 1060 204 1112 iam
227 1075 289 1112 non
309 1075 369 1126 ego
390 1075 507 1127 operor
528 1061 621 1129 illud,
644 1064 700 1116 sed
722 1064 807 1131 quod
828 1064 952 1117 habitat
973 1067 1003 1117 in
1025 1081 1071 1117 me

143 1145 313 1211 peccatum.
338 1142 425 1210 Quod
443 1147 485 1197 est
503 1149 642 1212 peccatum
661 1148 736 1214 quod
755 1147 885 1214 appellat,
904 1149 957 1200 nisi
974 1164 1070 1202 concu-

111 1229 305 1295 rspiscentiam
321 1229 430 1282 carnis?
448 1228 483 1280 Et
499 1246 532 1281 ne
549 1229 622 1282 forte
639 1232 743 1283 diceres
760 1247 815 1283 non
832 1231 867 1282 ad
883 1234 909 1283 te
926 1233 1070 1298 pertinere,

143 1307 207 1363 ideo
226 1310 304 1377 dixit,
322 1310 418 1377 Quod
436 1311 559 1365 habitat
578 1315 608 1365 in
627 1331 673 1367 me
691 1317 862 1381 peccatum.
882 1314 917 1366 Et
935 1314 1002 1380 quid
1020 1318 1069 1380 est,

143 1394 214 1447 Non
229 1410 288 1461 ego
300 1410 416 1462 operor
430 1394 531 1449 illud?
545 1395 636 1449 Carne
649 1399 821 1464 concupisco,
836 1400 926 1450 mente
940 1414 994 1450 non
1008 1414 1070 1450 con-

143 1479 241 1532 sentio.
263 1478 338 1532 Caro
356 1480 531 1546 concupiscit,
551 1497 627 1534 mens
647 1498 702 1534 non
722 1481 870 1534 consentit:
890 1497 950 1533 ecce
969 1496 1069 1549 pugna.

143 1561 285 1629 Permane,
300 1579 385 1630 mens,
400 1565 427 1616 in
441 1565 588 1618 certamine
601 1568 658 1631 tu0,
674 1567 701 1618 et
714 1581 797 1631 posce
812 1561 979 1617 adiutorium
994 1582 1008 1617 a
1021 1564 1070 1617 do-

110 1661 134 1698 50
142 1649 218 1699 mino
236 1648 290 1700 deo
307 1649 363 1701 tuo.
390 1646 531 1715 Permane,
550 1665 635 1714 menS,
655 1650 682 1701 in
700 1650 847 1701 certamine
865 1650 921 1714 tuO,
940 1650 967 1700 et
984 1648 1070 1700 clama

142 1732 217 1797 quod
239 1732 337 1784 mulier
356 1731 415 1785 illa:
438 1731 583 1799 Domine,
606 1732 723 1785 adiuua
745 1748 799 1785 me.
822 1731 963 1797 Permane,
985 1733 1220 1812 111ens‚,⁵,}⁶¹ffgssj,l{,¹¹g2‘¹p

140 1816 167 1866 in
188 1816 335 1868 certamine
354 1818 410 1882 tu0,
432 1819 459 1869 et
477 1817 565 1869 clama
585 1817 662 1883 quod
680 1817 810 1869 cantasti:
837 1815 989 1868 Miserere
1010 1816 1068 1867 mei
1098 1804 1183 1860 'nomino-

141 1899 229 1965 deus,
247 1899 481 1952 misereremei.
506 1900 574 1952 Ecce
591 1900 769 1953 sacrificium:
787 1901 817 1951 in
834 1902 864 1952 te
879 1898 1006 1952 confisa
1023 1903 1070 1952 est

141 1985 243 2036 anima
261 2000 336 2038 mea.
363 1984 393 2036 ln
411 1985 551 2051 baptismo
570 1984 678 2037 deletur
696 1985 834 2050 iniquitas,
854 1983 903 2034 sed
922 1984 1012 2034 manet
1030 1983 1069 2034 in-

108 2077 131 2113 55
141 2067 272 2133 firmitas3
289 2069 316 2119 in
331 2069 530 2121 resurrectione
546 2071 637 2121 autem
654 2067 730 2120 nulla
745 2069 797 2120 erit
812 2068 951 2137 iniquitas,
967 2068 994 2119 et
1007 2083 1069 2119 con·

140 2154 262 2204 sumetur
285 2151 443 2205 infirmitas,
464 2150 603 2217 Quando
625 2152 759 2205 mortale
782 2151 840 2204 hoc
863 2151 1003 2203 induerit
1025 2153 1069 2203 in-

140 2236 381 2301 mortalitatem,
398 2238 428 2288 et
442 2236 655 2302 corruptibile
671 2237 728 2288 hoc
744 2236 885 2289 induerit
901 2238 1069 2303 incorrup-

139 2320 270 2387 tionem,
291 2322 321 2372 ct
341 2320 402 2372 fiet
422 2336 526 2373 sermo
547 2321 600 2386 qui
622 2321 761 2386 scriptus
783 2322 841 2385 est,
863 2318 1002 2372 Absorta
1022 2322 1069 2371 est

139 2420 223 2456 mors
241 2405 271 2456 in
287 2405 433 2457 uictoria.
453 2404 514 2456 Ubi
533 2407 592 2469 est,
610 2420 705 2470 mors,
723 2405 888 2456 contentio
905 2404 976 2457 tua?
994 2403 1068 2455 Etsi

107 2503 130 2540 oo
139 2489 236 2541 mortis
251 2490 391 2541 contentio
405 2491 542 2541 certamen
557 2491 599 2540 cst
614 2491 747 2554 nostrum,
763 2489 817 2539 iam
832 2504 887 2540 non
902 2503 954 2553 ego
969 2503 1069 2554 operor

139 2571 217 2638 illud,
238 2572 287 2624 sed
307 2573 382 2638 quod
402 2572 508 2624 habitat
529 2573 556 2624 in
577 2589 619 2625 me
639 2575 787 2639 peccatum.
809 2571 1067 2638 Concupiscentiam

137 2657 227 2707 carnis
249 2658 388 2726 peccatum
408 2658 531 2709 uocauit:
552 2659 725 2724 concupisco,
747 2656 796 2709 sed
819 2659 909 2709 mente
930 2672 985 2708 non
1006 2672 1068 2709 con·

138 2741 236 2805 sentio,
259 2742 286 2792 et
304 2742 526 2806 concupiscentia
548 2741 583 2793 ad
606 2741 707 2793 malum
730 2741 871 2793 stimulare
894 2757 949 2793 non
970 2742 1066 2793 cessat.

139 2822 215 2875 Haec
227 2826 269 2876 est
280 2826 377 2876 mortis
389 2825 537 2877 contentio¹
550 2824 627 2877 Tunc
639 2826 729 2877 autem
741 2826 861 2877 exterior
872 2823 960 2877 hostis
973 2825 1067 2877 diabo-

104 2906 179 2959 oslus
198 2907 249 2959 sub
266 2907 385 2974 pedihus
403 2909 462 2973 erit,
481 2909 593 2975 quando
611 2909 724 2961 interior
741 2908 830 2961 hostis
847 2909 1066 2975 concupiscentia

137 2992 233 3042 sanata
249 2992 308 3056 erit,
323 2993 350 3043 et
365 2992 490 3044 uiuemus
507 2993 534 3043 in
549 3007 624 3057 pace.
640 2990 724 3057 Quali
740 2993 826 3059 pace?
841 2991 941 3054 Quam
957 2992 1066 3045 oculus

136 3089 197 3126 non
213 3075 307 3140 uidit,
324 3091 378 3127 nec
394 3076 480 3127 auris
496 3076 630 3139 audiuit.
653 3074 737 3138 Quali
754 3077 839 3142 pace?
855 3074 945 3138 Quam
961 3075 1065 3128 nullum

135 3173 181 3209 cor
194 3160 305 3224 cogitat,
320 3175 375 3210 non
391 3160 482 3224 aliqua
495 3160 671 3226 prosequitur
684 3160 834 3214 discordia.
855 3159 938 3223 Quali
951 3159 1035 3226 pace?
1055 3154 1065 3228 ΙΙ
1073 3164 1107 3201 fol·
1121 3167 1153 3202 un

137 3239 178 3294 De
192 3258 245 3310 qua
257 3243 327 3295 dixit
339 3243 496 3310 apostolus:
511 3244 549 3296 Et
562 3261 622 3311 pax
634 3244 696 3310 dei,
710 3260 788 3311 quae
802 3248 929 3311 superat
944 3260 1065 3296 omnem

104 3326 345 3394 inintellectum,
361 3327 526 3380 custodiat
539 3327 635 3380 corda
651 3330 767 3382 uestra.
785 3327 828 3381 De
844 3331 903 3395 ipsa
919 3344 984 3395 pace
999 3328 1066 3380 dicit

136 3409 222 3463 isaias
239 3411 385 3478 propheta:
403 3410 536 3464 Domine
553 3413 630 3465 deus
646 3414 764 3478 noster,
783 3429 888 3479 pacem
904 3412 943 3464 da
959 3411 1064 3464 nobis:

1016 3530 1067 3583 159
