2819 4040
415 320 446 358 De
458 320 522 359 natale
534 331 560 359 ss.
570 321 678 370 Perpetuae
690 322 710 360 et
722 321 825 360 Felicitatis

158 455 243 493 nosco
263 442 428 509 supplicium
448 443 524 510 quod
543 443 646 497 dicium
666 448 716 511 est,
743 443 820 501 Cum
839 445 960 512 gemitu
974 442 1088 511 'paries

156 523 261 591 filios3
284 526 339 579 illic
361 528 452 580 autem
474 528 544 580 alius
566 530 617 582 erit
638 530 665 582 in
688 544 730 582 me
753 530 798 597 qui
820 529 940 596 patietur
961 544 1012 596 pro
1035 542 1086 592 me,

124 626 148 663 95
158 609 221 675 quia
236 611 329 676 elego
344 626 395 678 pro
410 610 460 663 illo
474 626 589 677 passura
604 629 673 667 sum.
689 613 767 666 llaec
781 617 856 679 uoto,
871 613 918 666 ille
934 612 1086 667 adiutorio:

156 691 223 745 haec
237 692 369 760 nolendo,
383 693 430 746 ille
444 693 647 749 subueniendo:
662 696 728 749 haec
742 696 927 762 oboediend0,
943 696 990 749 ille
1004 693 1086 747 robo-

156 775 254 830 rando
272 775 349 839 Quid
365 779 408 830 cst
424 778 504 845 enim,
522 777 601 832 Alius
618 781 738 847 patietur
754 797 804 848 pro
821 796 871 847 me,
889 781 951 846 nisi,
969 779 1086 833 donabit

130 862 131 865 ’
156 859 223 912 mihi
237 861 295 926 pati
308 876 359 926 pro
373 862 422 914 se?
438 860 473 913 Et
487 861 553 928 quid
567 866 616 929 est,
632 862 686 917 Pro
701 863 750 917 illo
763 880 879 931 passura
893 864 972 917 sum?
985 863 1085 917 Vobis

156 944 249 1009 enim,
266 945 304 996 ait
318 944 472 1011 apostolus,
488 946 595 999 datum
610 951 658 1001 est
673 964 730 1016 pro
743 947 889 1014 'Christ0,
905 965 966 1001 non
982 948 1084 1001 solum

113 1030 188 1080 roout
202 1028 344 1080 credatis
361 1029 392 1080 in
408 1044 487 1095 eum,
504 1045 611 1083 uerum
626 1033 722 1084 etiam
737 1032 904 1099 patiamini
920 1046 979 1099 pro'
994 1048 1039 1085 eo.

215 1111 240 1165 6.
255 1111 434 1165 celebremus
448 1114 539 1181 itaque
553 1117 709 1169 sanctorum
723 1118 872 1182 martyrum
885 1117 958 1168 diem
972 1116 1083 1183 testum,

155 1196 378 1249 commendatum
393 1198 475 1249 etiam
488 1199 665 1265 passionibus
679 1201 810 1265 uirorum,
825 1199 875 1252 sed
889 1200 1022 1252 illustrius
1037 1216 1084 1252 no-

155 1281 275 1334 minibus
290 1281 467 1348 feminarum,
481 1299 550 1351 quae
564 1285 754 1337 inflammatae
769 1283 874 1337 Christi
888 1285 999 1337 caritate
1013 1286 1083 1337 uice·

155 1369 226 1434 runt,
239 1383 295 1420 non
306 1367 397 1420 solum
409 1369 479 1421 sicut
490 1369 530 1421 illi
543 1371 695 1436 praesentis
707 1371 781 1423 uitae
792 1369 964 1435 suauitatem,
976 1386 1083 1422 omnes·

112 1464 208 1518 rosque
230 1451 389 1519 uoluptates
411 1454 506 1506 mundi
529 1456 610 1521 atque
631 1456 760 1519 terrores,
784 1453 883 1520 quibus
905 1454 1084 1506 communiter

154 1534 199 1588 uel
213 1536 299 1587 utitur
311 1535 355 1588 uel
370 1537 502 1603 premitur
516 1539 613 1589 natura
626 1535 793 1602 mortalium,
808 1535 858 1588 sed
872 1536 983 1602 insuper
996 1538 1082 1603 patris

155 1618 298 1686 affectum,
311 1621 429 1687 pignora
441 1620 573 1687 filiorum,
586 1621 715 1687 fragilem
728 1635 831 1687 sexum,
844 1635 956 1687 grauem
967 1623 1082 1687 uterum,

154 1704 419 1770 periculosissimum
430 1707 547 1773 partum.
559 1705 595 1758 Et
604 1721 700 1758 omnes
712 1705 740 1757 in
750 1705 792 1756 his
803 1703 930 1758 omnibus
941 1703 1084 1756 diabolum

153 1789 285 1842 uicerunt.
300 1787 406 1841 Omnes
420 1789 512 1855 itaque
526 1790 624 1856 merito
638 1788 721 1854 beati,
735 1788 833 1840 merito
846 1787 971 1854 gloriosi,
986 1790 1082 1840 merito

111 1873 287 1938 noperpetua
302 1871 435 1925 felicitate
449 1873 574 1926 coronati
589 1875 661 1926 sunt.
678 1871 815 1939 Perpetua
830 1873 931 1939 quippe
946 1874 973 1924 et
989 1871 1084 1924 Felici·
1124 1890 1198 1945 Perpau

153 1957 205 2021 taS,
220 1957 331 2008 nomina
345 1956 457 2023 quidem
470 1956 596 2023 duarum,
611 1957 660 2009 sed
675 1972 778 2008 merces
792 1959 834 2009 est
848 1958 981 2009 omniurn:
996 1972 1082 2022 neque
1091 1937 1233 2023 ῃοῃῖξξῖῗξξηω,

154 2040 226 2091 eninr
239 2055 335 2091 omnes
345 2043 479 2107 martyres
490 2041 518 2092 in
530 2041 677 2093 certamine
688 2039 875 2092 confessionis
887 2041 967 2105 atque
979 2039 1084 2105 passio·
1092 2041 1147 2064 ‘m
1159 2034 1233 2065 annum.

154 2125 196 2176 nis
214 2123 249 2176 ad
264 2126 373 2190 tempus
389 2124 501 2177 fortiter
515 2124 674 2191 tolerarent,
691 2125 743 2176 nisi
759 2126 789 2176 ut
804 2126 936 2191 perpetua
952 2123 1083 2175 felicitate

152 2206 315 2273 gauderent.
334 2207 437 2260 Diuina
452 2224 520 2275 ergo
535 2208 682 2275 prudentia
698 2208 870 2275 gubernante
885 2208 954 2259 istae
970 2212 1025 2259 non
1041 2223 1084 2259 so-

111 2291 210 2345 natum
229 2294 373 2358 ‘martyres
393 2307 488 2345 uerum
509 2293 591 2345 etiam
612 2292 852 2344 coniunctissimae
872 2291 995 2356 comites,
1015 2291 1084 2343 sicut

153 2374 250 2428 debuit
261 2391 330 2441 esse,
342 2375 446 2428 factum
457 2378 507 2442 est,
519 2378 549 2429 ut
560 2391 644 2428 unum
655 2391 721 2428 suae
732 2375 839 2442 gloriae
850 2375 992 2440 signarent
1003 2373 1082 2440 diem,

152 2474 379 2526 communemque
391 2459 605 2513 sollemnitatem
614 2459 808 2512 celebrandam
819 2459 939 2525 posteris
950 2458 1083 2525 relinque-

152 2544 221 2596 rent.
240 2541 315 2595 Sicut
331 2545 403 2596 enim
420 2544 548 2611 exemplo
562 2544 761 2611 gloriosissimi
777 2543 935 2596 certaminis
952 2545 982 2594 ut
998 2541 1083 2594 imite-

152 2638 213 2679 mur
230 2622 382 2694 hortantur,
401 2628 439 2681 ita
458 2630 515 2680 suis
533 2627 691 2680 nominibus
710 2642 808 2680 munus
827 2625 1012 2693 inseparabile
1030 2641 1081 2677 nos

110 2729 145 2767 rao
154 2714 313 2779 accepturos
329 2728 390 2765 esse
403 2714 548 2766 testantur.
563 2712 670 2765 Ambae
685 2713 801 2764 inuicem
816 2708 952 2782 [teneant
968 2711 1082 2763 inuicem
1092 2725 1137 2763 152v

153 2799 273 2850 nectant:
288 2797 402 2850 alteram
414 2799 474 2850 sine
487 2797 573 2850 altera
587 2813 642 2850 non
656 2812 807 2864 speramus.
822 2796 894 2849 Nam
908 2812 958 2861 nee
969 2795 1083 2864 prodest

151 2883 292 2947 perpetua,
308 2881 331 2932 si
346 2880 466 2934 felicitas
482 2897 537 2934 non
551 2883 598 2947 sit;
613 2882 640 2933 et
654 2868 774 2933 felicitas
789 2881 843 2933 iam
858 2880 969 2945 deserit,
985 2880 1007 2931 si
1023 2895 1081 2945 per-

153 2967 236 3032 petua
247 2981 303 3018 non
314 2967 357 3018 sit.
371 2965 448 3018 Haec
459 2965 493 3017 de
504 2965 647 3018 uocabulis
659 2966 817 3032 martyrum,
830 2963 929 3032 quibus
941 2965 991 3017 iste
1003 2962 1082 3015 nobis

151 3051 327 3103 consecratus
341 3052 383 3102 est
395 3049 464 3116 dies,
478 3066 529 3116 pro
542 3052 666 3117 tempore
679 3065 766 3116 pauca
777 3048 952 3102 suffecerint.

213 3183 222 3223 l
243 3181 299 3224 llide
320 3181 391 3224 Praei.
412 3182 440 3225 ad
460 3195 480 3224 n.
502 3182 584 3223 LXXX.
635 3182 648 3222 2
667 3184 856 3225 SANCTORUM
876 3182 1034 3224 PERPETUA
1054 3178 1081 3232 G,

152 3255 210 3298 etin
226 3254 384 3308 subscriptione
401 3253 450 3297 add.
467 3266 526 3296 num.
543 3255 568 3295 ll.
614 3255 627 3295 7
643 3255 780 3297 ammirans
826 3255 838 3295 8
855 3252 940 3305 fuerit]
958 3252 1038 3295 conieci
1055 3264 1083 3294 ex

152 3327 255 3380 fecerit,
275 3338 332 3381 quae
352 3325 419 3369 uerba
438 3326 488 3369 alibi
507 3338 597 3382 guoque
616 3326 638 3369 in
658 3326 734 3369 codice
753 3326 844 3369 confusa
865 3338 913 3369 esse
934 3325 1083 3376 animaduerti,

153 3400 179 3443 lo
195 3398 272 3458 plus}
288 3412 315 3444 rn.
332 3411 373 3443 rec.
390 3400 411 3442 in
427 3411 495 3453 marg.
513 3398 562 3441 add.
579 3398 741 3442 feminarum.
774 3400 801 3441 20
817 3397 956 3441 benib'olus
996 3398 1023 3438 24
1040 3410 1084 3452 ag÷

1034 3509 1085 3563 199
