<?xml version="1.0" encoding="UTF-8"?>
<!DOCTYPE html PUBLIC "-//W3C//DTD XHTML 1.0 Transitional//EN"
    "http://www.w3.org/TR/xhtml1/DTD/xhtml1-transitional.dtd">
<html xmlns="http://www.w3.org/1999/xhtml" xml:lang="en" lang="en">
 <head>
  <title>
</title>
<meta http-equiv="Content-Type" content="text/html;charset=utf-8" />
  <meta name='ocr-system' content='tesseract 3.04.00' />
  <meta name='ocr-capabilities' content='ocr_page ocr_carea ocr_par ocr_line ocrx_word'/>
</head>
<body>
  <div class='ocr_page' id='page_1' title='image "MN41725ucmf_2_0251.png"; bbox 0 0 2819 4040; ppageno 0'>
   <div class='ocr_carea' id='block_1_1' title="bbox 485 305 755 356">
    <p class='ocr_par' dir='ltr' id='par_1_1' title="bbox 485 305 755 356">
     <span class='ocr_line' id='line_1_1' title="bbox 485 305 755 356; baseline 0.019 -13"><span class='ocrx_word' id='word_1_1' title='bbox 485 305 515 345; x_wconf 92' lang='lat' dir='ltr'><strong>De</strong></span> <span class='ocrx_word' id='word_1_2' title='bbox 528 309 596 356; x_wconf 82' lang='lat' dir='ltr'><strong>quarta</strong></span> <span class='ocrx_word' id='word_1_3' title='bbox 608 308 656 348; x_wconf 84' lang='lat' dir='ltr'><strong>feria</strong></span> <span class='ocrx_word' id='word_1_4' title='bbox 670 309 755 349; x_wconf 81' lang='lat' dir='ltr'><strong>Paschae</strong></span> 
     </span>
    </p>
   </div>
   <div class='ocr_carea' id='block_1_2' title="bbox 121 431 1087 1745">
    <p class='ocr_par' dir='ltr' id='par_1_2' title="bbox 155 431 1087 751">
     <span class='ocr_line' id='line_1_2' title="bbox 156 431 1087 504; baseline 0.002 -20"><span class='ocrx_word' id='word_1_5' title='bbox 156 431 246 485; x_wconf 93' lang='lat' dir='ltr'><strong>omnis</strong></span> <span class='ocrx_word' id='word_1_6' title='bbox 259 432 331 486; x_wconf 90' lang='lat' dir='ltr'><strong>dics:</strong></span> <span class='ocrx_word' id='word_1_7' title='bbox 344 433 445 486; x_wconf 85' lang='lat' dir='ltr'><strong>mansit</strong></span> <span class='ocrx_word' id='word_1_8' title='bbox 456 448 517 486; x_wconf 92' lang='lat' dir='ltr'><strong>cum</strong></span> <span class='ocrx_word' id='word_1_9' title='bbox 529 435 578 501; x_wconf 82' lang='lat' dir='ltr'><strong>eis,</strong></span> <span class='ocrx_word' id='word_1_10' title='bbox 590 436 620 488; x_wconf 89' lang='lat' dir='ltr'><strong>ut</strong></span> <span class='ocrx_word' id='word_1_11' title='bbox 632 437 726 491; x_wconf 91' lang='lat' dir='ltr'><strong>oculos</strong></span> <span class='ocrx_word' id='word_1_12' title='bbox 738 453 833 491; x_wconf 87' lang='lat' dir='ltr'><strong>corum</strong></span> <span class='ocrx_word' id='word_1_13' title='bbox 846 436 992 504; x_wconf 84' lang='lat' dir='ltr'><strong>inungeret</strong></span> <span class='ocrx_word' id='word_1_14' title='bbox 1003 433 1087 501; x_wconf 90' lang='lat' dir='ltr'><strong>colly-</strong></span> 
     </span>
     <span class='ocr_line' id='line_1_3' title="bbox 155 515 1086 588; baseline 0.005 -22"><span class='ocrx_word' id='word_1_15' title='bbox 155 515 197 567; x_wconf 92' lang='lat' dir='ltr'><strong>rio</strong></span> <span class='ocrx_word' id='word_1_16' title='bbox 209 515 353 584; x_wconf 76' lang='lat' dir='ltr'><strong>claritatis,</strong></span> <span class='ocrx_word' id='word_1_17' title='bbox 363 519 390 571; x_wconf 90' lang='lat' dir='ltr'><strong>et</strong></span> <span class='ocrx_word' id='word_1_18' title='bbox 402 520 583 584; x_wconf 80' lang='lat' dir='ltr'>agnoscerent</span> <span class='ocrx_word' id='word_1_19' title='bbox 595 518 677 572; x_wconf 92' lang='lat' dir='ltr'><strong>deum</strong></span> <span class='ocrx_word' id='word_1_20' title='bbox 689 522 848 575; x_wconf 89' lang='lat' dir='ltr'><strong>maiestatis.</strong></span> <span class='ocrx_word' id='word_1_21' title='bbox 859 519 974 588; x_wconf 47' lang='lat' dir='ltr'><strong>‘Accepit</strong></span> <span class='ocrx_word' id='word_1_22' title='bbox 986 534 1086 587; x_wconf 92' lang='lat' dir='ltr'><strong>panem</strong></span> 
     </span>
     <span class='ocr_line' id='line_1_4' title="bbox 155 599 1086 672; baseline 0.003 -21"><span class='ocrx_word' id='word_1_23' title='bbox 155 599 235 665; x_wconf 87' lang='lat' dir='ltr'><strong>panis</strong></span> <span class='ocrx_word' id='word_1_24' title='bbox 250 601 340 667; x_wconf 92' lang='lat' dir='ltr'><strong>uiuus,</strong></span> <span class='ocrx_word' id='word_1_25' title='bbox 356 602 401 668; x_wconf 90' lang='lat' dir='ltr'><strong>qui</strong></span> <span class='ocrx_word' id='word_1_26' title='bbox 417 601 452 654; x_wconf 92' lang='lat' dir='ltr'><strong>de</strong></span> <span class='ocrx_word' id='word_1_27' title='bbox 467 601 545 654; x_wconf 92' lang='lat' dir='ltr'><strong>caelo</strong></span> <span class='ocrx_word' id='word_1_28' title='bbox 558 601 711 670; x_wconf 86' lang='lat' dir='ltr'><strong>descendit,</strong></span> <span class='ocrx_word' id='word_1_29' title='bbox 726 604 875 672; x_wconf 79' lang='lat' dir='ltr'><strong>benedixit,</strong></span> <span class='ocrx_word' id='word_1_30' title='bbox 891 606 985 672; x_wconf 91' lang='lat' dir='ltr'><strong>eisque</strong></span> <span class='ocrx_word' id='word_1_31' title='bbox 1000 602 1086 656; x_wconf 87' lang='lat' dir='ltr'><strong>tradi-</strong></span> 
     </span>
     <span class='ocr_line' id='line_1_5' title="bbox 155 681 1084 751; baseline 0.005 -18"><span class='ocrx_word' id='word_1_32' title='bbox 155 681 214 734; x_wconf 73' lang='lat' dir='ltr'><strong>dit:</strong></span> <span class='ocrx_word' id='word_1_33' title='bbox 231 683 327 736; x_wconf 90' lang='lat' dir='ltr'><strong>oculos</strong></span> <span class='ocrx_word' id='word_1_34' title='bbox 348 684 440 738; x_wconf 91' lang='lat' dir='ltr'><strong>cordis</strong></span> <span class='ocrx_word' id='word_1_35' title='bbox 464 685 579 751; x_wconf 89' lang='lat' dir='ltr'><strong>aperuit,</strong></span> <span class='ocrx_word' id='word_1_36' title='bbox 603 687 630 737; x_wconf 85' lang='lat' dir='ltr'><strong>et</strong></span> <span class='ocrx_word' id='word_1_37' title='bbox 652 702 681 738; x_wconf 90' lang='lat' dir='ltr'><strong>se</strong></span> <span class='ocrx_word' id='word_1_38' title='bbox 702 686 748 738; x_wconf 67' lang='lat' dir='ltr'><strong>‘dei</strong></span> <span class='ocrx_word' id='word_1_39' title='bbox 771 688 861 740; x_wconf 94' lang='lat' dir='ltr'><strong>filium</strong></span> <span class='ocrx_word' id='word_1_40' title='bbox 884 688 1084 741; x_wconf 88' lang='lat' dir='ltr'><strong>manifestauit.</strong></span> 
     </span>
    </p>

    <p class='ocr_par' dir='ltr' id='par_1_3' title="bbox 123 764 1085 1172">
     <span class='ocr_line' id='line_1_6' title="bbox 123 764 1085 838; baseline 0.012 -26"><span class='ocrx_word' id='word_1_41' title='bbox 123 765 147 813; x_wconf 77' lang='lat' dir='ltr'><strong>ro</strong></span> <span class='ocrx_word' id='word_1_42' title='bbox 156 764 254 833; x_wconf 89' lang='lat' dir='ltr'><strong>Dicite,</strong></span> <span class='ocrx_word' id='word_1_43' title='bbox 275 767 412 835; x_wconf 88' lang='lat' dir='ltr'><strong>discipuli,</strong></span> <span class='ocrx_word' id='word_1_44' title='bbox 430 767 479 826; x_wconf 90' lang='lat' dir='ltr'><strong>ubi</strong></span> <span class='ocrx_word' id='word_1_45' title='bbox 498 770 576 820; x_wconf 88' lang='lat' dir='ltr'><strong>erant</strong></span> <span class='ocrx_word' id='word_1_46' title='bbox 594 769 680 820; x_wconf 89' lang='lat' dir='ltr'><strong>uestri</strong></span> <span class='ocrx_word' id='word_1_47' title='bbox 700 769 790 823; x_wconf 86' lang='lat' dir='ltr'><strong>oculi?</strong></span> <span class='ocrx_word' id='word_1_48' title='bbox 809 786 855 823; x_wconf 93' lang='lat' dir='ltr'><strong>cur</strong></span> <span class='ocrx_word' id='word_1_49' title='bbox 873 772 979 824; x_wconf 89' lang='lat' dir='ltr'><strong>tardius</strong></span> <span class='ocrx_word' id='word_1_50' title='bbox 1000 787 1085 838; x_wconf 84' lang='lat' dir='ltr'><strong>agno·</strong></span> 
     </span>
     <span class='ocr_line' id='line_1_7' title="bbox 153 849 1083 918; baseline 0.005 -17"><span class='ocrx_word' id='word_1_51' title='bbox 153 850 233 901; x_wconf 90' lang='lat' dir='ltr'><strong>uistis</strong></span> <span class='ocrx_word' id='word_1_52' title='bbox 256 849 347 903; x_wconf 89' lang='lat' dir='ltr'><strong>filium</strong></span> <span class='ocrx_word' id='word_1_53' title='bbox 368 852 433 904; x_wconf 86' lang='lat' dir='ltr'><strong>dei?</strong></span> <span class='ocrx_word' id='word_1_54' title='bbox 454 849 563 904; x_wconf 81' lang='lat' dir='ltr'><strong>Scilicet</strong></span> <span class='ocrx_word' id='word_1_55' title='bbox 584 853 649 918; x_wconf 89' lang='lat' dir='ltr'><strong>quia</strong></span> <span class='ocrx_word' id='word_1_56' title='bbox 670 853 845 906; x_wconf 83' lang='lat' dir='ltr'><strong>incredulitas</strong></span> <span class='ocrx_word' id='word_1_57' title='bbox 866 859 958 908; x_wconf 90' lang='lat' dir='ltr'><strong>uestra</strong></span> <span class='ocrx_word' id='word_1_58' title='bbox 979 856 1083 907; x_wconf 87' lang='lat' dir='ltr'><strong>lumina</strong></span> 
     </span>
     <span class='ocr_line' id='line_1_8' title="bbox 153 933 1083 1002; baseline 0.004 -17"><span class='ocrx_word' id='word_1_59' title='bbox 153 933 303 987; x_wconf 89' lang='lat' dir='ltr'><strong>detinebat.</strong></span> <span class='ocrx_word' id='word_1_60' title='bbox 320 933 392 987; x_wconf 90' lang='lat' dir='ltr'><strong>Nam</strong></span> <span class='ocrx_word' id='word_1_61' title='bbox 405 935 554 988; x_wconf 76' lang='lat' dir='ltr'><strong>credulitas</strong></span> <span class='ocrx_word' id='word_1_62' title='bbox 569 937 658 988; x_wconf 87' lang='lat' dir='ltr'><strong>totum</strong></span> <span class='ocrx_word' id='word_1_63' title='bbox 672 936 758 1002; x_wconf 90' lang='lat' dir='ltr'><strong>uidet,</strong></span> <span class='ocrx_word' id='word_1_64' title='bbox 772 939 860 989; x_wconf 92' lang='lat' dir='ltr'><strong>totum</strong></span> <span class='ocrx_word' id='word_1_65' title='bbox 873 954 968 991; x_wconf 90' lang='lat' dir='ltr'><strong>uerum</strong></span> <span class='ocrx_word' id='word_1_66' title='bbox 983 937 1083 991; x_wconf 90' lang='lat' dir='ltr'><strong>intelli·</strong></span> 
     </span>
     <span class='ocr_line' id='line_1_9' title="bbox 152 1018 1082 1087; baseline 0.005 -19"><span class='ocrx_word' id='word_1_67' title='bbox 152 1018 205 1084; x_wconf 82' lang='lat' dir='ltr'><strong>git;</strong></span> <span class='ocrx_word' id='word_1_68' title='bbox 228 1018 383 1071; x_wconf 85' lang='lat' dir='ltr'><strong>infidelitas</strong></span> <span class='ocrx_word' id='word_1_69' title='bbox 403 1034 470 1071; x_wconf 88' lang='lat' dir='ltr'><strong>uero</strong></span> <span class='ocrx_word' id='word_1_70' title='bbox 491 1019 628 1072; x_wconf 89' lang='lat' dir='ltr'><strong>uelamine</strong></span> <span class='ocrx_word' id='word_1_71' title='bbox 650 1021 760 1087; x_wconf 82' lang='lat' dir='ltr'><strong>tegitur.</strong></span> <span class='ocrx_word' id='word_1_72' title='bbox 782 1019 837 1073; x_wconf 87' lang='lat' dir='ltr'><strong>Sed</strong></span> <span class='ocrx_word' id='word_1_73' title='bbox 858 1022 881 1073; x_wconf 93' lang='lat' dir='ltr'><strong>si</strong></span> <span class='ocrx_word' id='word_1_74' title='bbox 903 1023 975 1075; x_wconf 90' lang='lat' dir='ltr'><strong>forte</strong></span> <span class='ocrx_word' id='word_1_75' title='bbox 996 1022 1082 1075; x_wconf 91' lang='lat' dir='ltr'><strong>uultis</strong></span> 
     </span>
     <span class='ocr_line' id='line_1_10' title="bbox 153 1101 1081 1172; baseline 0.005 -19"><span class='ocrx_word' id='word_1_76' title='bbox 153 1102 274 1168; x_wconf 90' lang='lat' dir='ltr'><strong>aspicere</strong></span> <span class='ocrx_word' id='word_1_77' title='bbox 293 1102 432 1155; x_wconf 89' lang='lat' dir='ltr'><strong>cicatrices</strong></span> <span class='ocrx_word' id='word_1_78' title='bbox 450 1101 592 1156; x_wconf 92' lang='lat' dir='ltr'><strong>clauorum</strong></span> <span class='ocrx_word' id='word_1_79' title='bbox 612 1119 682 1170; x_wconf 88' lang='lat' dir='ltr'><strong>quos</strong></span> <span class='ocrx_word' id='word_1_80' title='bbox 698 1105 815 1156; x_wconf 89' lang='lat' dir='ltr'><strong>sustinui</strong></span> <span class='ocrx_word' id='word_1_81' title='bbox 829 1105 1081 1172; x_wconf 83' lang='lat' dir='ltr'><strong>&lt;a&gt;n0ntificibus</strong></span> 
     </span>
    </p>

    <p class='ocr_par' dir='ltr' id='par_1_4' title="bbox 121 1184 1082 1589">
     <span class='ocr_line' id='line_1_11' title="bbox 121 1184 1082 1256; baseline 0.007 -23"><span class='ocrx_word' id='word_1_82' title='bbox 121 1195 145 1232; x_wconf 79' lang='lat'><strong>45</strong></span> <span class='ocrx_word' id='word_1_83' title='bbox 154 1184 328 1252; x_wconf 91' lang='lat' dir='ltr'><strong>ludaeorum,</strong></span> <span class='ocrx_word' id='word_1_84' title='bbox 342 1189 372 1238; x_wconf 95' lang='lat' dir='ltr'><strong>ut</strong></span> <span class='ocrx_word' id='word_1_85' title='bbox 386 1188 432 1253; x_wconf 91' lang='lat' dir='ltr'><strong>qui</strong></span> <span class='ocrx_word' id='word_1_86' title='bbox 446 1187 534 1240; x_wconf 90' lang='lat' dir='ltr'><strong>credit</strong></span> <span class='ocrx_word' id='word_1_87' title='bbox 547 1187 574 1238; x_wconf 93' lang='lat' dir='ltr'><strong>in</strong></span> <span class='ocrx_word' id='word_1_88' title='bbox 588 1202 633 1240; x_wconf 90' lang='lat' dir='ltr'><strong>me</strong></span> <span class='ocrx_word' id='word_1_89' title='bbox 646 1189 782 1240; x_wconf 88' lang='lat' dir='ltr'><strong>mereatur</strong></span> <span class='ocrx_word' id='word_1_90' title='bbox 795 1188 966 1256; x_wconf 87' lang='lat' dir='ltr'><strong>participium</strong></span> <span class='ocrx_word' id='word_1_91' title='bbox 980 1189 1082 1242; x_wconf 87' lang='lat' dir='ltr'><strong>habere</strong></span> 
     </span>
     <span class='ocr_line' id='line_1_12' title="bbox 154 1269 1082 1337; baseline 0.004 -16"><span class='ocrx_word' id='word_1_92' title='bbox 154 1270 181 1321; x_wconf 94' lang='lat' dir='ltr'><strong>in</strong></span> <span class='ocrx_word' id='word_1_93' title='bbox 194 1284 281 1337; x_wconf 80' lang='lat' dir='ltr'><strong>regno</strong></span> <span class='ocrx_word' id='word_1_94' title='bbox 292 1269 439 1336; x_wconf 88' lang='lat' dir='ltr'><strong>caelorum,</strong></span> <span class='ocrx_word' id='word_1_95' title='bbox 453 1270 587 1323; x_wconf 87' lang='lat' dir='ltr'><strong>intendite</strong></span> <span class='ocrx_word' id='word_1_96' title='bbox 600 1270 727 1323; x_wconf 91' lang='lat' dir='ltr'><strong>foramen</strong></span> <span class='ocrx_word' id='word_1_97' title='bbox 740 1270 768 1323; x_wconf 90' lang='lat' dir='ltr'><strong>in</strong></span> <span class='ocrx_word' id='word_1_98' title='bbox 781 1270 865 1323; x_wconf 89' lang='lat' dir='ltr'><strong>latere</strong></span> <span class='ocrx_word' id='word_1_99' title='bbox 878 1287 946 1324; x_wconf 92' lang='lat' dir='ltr'><strong>meo.</strong></span> <span class='ocrx_word' id='word_1_100' title='bbox 960 1271 1082 1335; x_wconf 87' lang='lat' dir='ltr'><strong>Quando</strong></span> 
     </span>
     <span class='ocr_line' id='line_1_13' title="bbox 153 1353 1082 1422; baseline 0.003 -17"><span class='ocrx_word' id='word_1_101' title='bbox 153 1369 196 1406; x_wconf 91' lang='lat' dir='ltr'><strong>me</strong></span> <span class='ocrx_word' id='word_1_102' title='bbox 212 1353 401 1420; x_wconf 88' lang='lat' dir='ltr'><strong>percutiebant</strong></span> <span class='ocrx_word' id='word_1_103' title='bbox 417 1355 444 1405; x_wconf 96' lang='lat' dir='ltr'><strong>in</strong></span> <span class='ocrx_word' id='word_1_104' title='bbox 461 1353 538 1421; x_wconf 86' lang='lat' dir='ltr'><strong>ligno</strong></span> <span class='ocrx_word' id='word_1_105' title='bbox 555 1354 730 1422; x_wconf 86' lang='lat' dir='ltr'><strong>pendentem,</strong></span> <span class='ocrx_word' id='word_1_106' title='bbox 746 1370 810 1407; x_wconf 88' lang='lat' dir='ltr'><strong>caro</strong></span> <span class='ocrx_word' id='word_1_107' title='bbox 825 1370 885 1406; x_wconf 90' lang='lat' dir='ltr'><strong>mea</strong></span> <span class='ocrx_word' id='word_1_108' title='bbox 901 1356 1006 1422; x_wconf 81' lang='lat' dir='ltr'><strong>integra</strong></span> <span class='ocrx_word' id='word_1_109' title='bbox 1022 1356 1082 1409; x_wconf 90' lang='lat' dir='ltr'><strong>fue-</strong></span> 
     </span>
     <span class='ocr_line' id='line_1_14' title="bbox 152 1437 1080 1505; baseline 0.002 -16"><span class='ocrx_word' id='word_1_110' title='bbox 152 1439 194 1489; x_wconf 89' lang='lat' dir='ltr'><strong>rat</strong></span> <span class='ocrx_word' id='word_1_111' title='bbox 204 1437 346 1504; x_wconf 87' lang='lat' dir='ltr'><strong>crucifixa,</strong></span> <span class='ocrx_word' id='word_1_112' title='bbox 357 1454 412 1491; x_wconf 95' lang='lat' dir='ltr'><strong>non</strong></span> <span class='ocrx_word' id='word_1_113' title='bbox 423 1438 574 1492; x_wconf 86' lang='lat' dir='ltr'><strong>fantasma:</strong></span> <span class='ocrx_word' id='word_1_114' title='bbox 586 1439 625 1491; x_wconf 92' lang='lat' dir='ltr'><strong>sic</strong></span> <span class='ocrx_word' id='word_1_115' title='bbox 635 1440 663 1492; x_wconf 91' lang='lat' dir='ltr'><strong>ct</strong></span> <span class='ocrx_word' id='word_1_116' title='bbox 672 1454 736 1491; x_wconf 88' lang='lat' dir='ltr'><strong>caro</strong></span> <span class='ocrx_word' id='word_1_117' title='bbox 746 1453 812 1491; x_wconf 90' lang='lat' dir='ltr'><strong>uera</strong></span> <span class='ocrx_word' id='word_1_118' title='bbox 823 1440 939 1491; x_wconf 84' lang='lat' dir='ltr'><strong>surrexit</strong></span> <span class='ocrx_word' id='word_1_119' title='bbox 949 1438 1080 1505; x_wconf 81' lang='lat' dir='ltr'><strong>gloriosa.</strong></span> 
     </span>
     <span class='ocr_line' id='line_1_15' title="bbox 153 1521 1081 1589; baseline 0.001 -15"><span class='ocrx_word' id='word_1_120' title='bbox 153 1521 286 1575; x_wconf 90' lang='lat' dir='ltr'><strong>Nuntiate</strong></span> <span class='ocrx_word' id='word_1_121' title='bbox 300 1522 438 1589; x_wconf 75' lang='lat' dir='ltr'><strong>omnibuS,</strong></span> <span class='ocrx_word' id='word_1_122' title='bbox 450 1524 480 1574; x_wconf 90' lang='lat' dir='ltr'><strong>ut</strong></span> <span class='ocrx_word' id='word_1_123' title='bbox 492 1522 586 1576; x_wconf 89' lang='lat' dir='ltr'><strong>credat</strong></span> <span class='ocrx_word' id='word_1_124' title='bbox 599 1538 641 1575; x_wconf 88' lang='lat' dir='ltr'><strong>me</strong></span> <span class='ocrx_word' id='word_1_125' title='bbox 654 1523 837 1575; x_wconf 87' lang='lat' dir='ltr'><strong>resurrexisse</strong></span> <span class='ocrx_word' id='word_1_126' title='bbox 850 1523 939 1574; x_wconf 92' lang='lat' dir='ltr'><strong>omnis</strong></span> <span class='ocrx_word' id='word_1_127' title='bbox 951 1523 1081 1588; x_wconf 89' lang='lat' dir='ltr'><strong>mundus;</strong></span> 
     </span>
    </p>

    <p class='ocr_par' dir='ltr' id='par_1_5' title="bbox 121 1605 1080 1745">
     <span class='ocr_line' id='line_1_16' title="bbox 121 1605 1080 1674; baseline -0.001 -15"><span class='ocrx_word' id='word_1_128' title='bbox 121 1622 145 1660; x_wconf 80' lang='lat' dir='ltr'><strong>so</strong></span> <span class='ocrx_word' id='word_1_129' title='bbox 151 1607 181 1658; x_wconf 91' lang='lat' dir='ltr'><strong>ut</strong></span> <span class='ocrx_word' id='word_1_130' title='bbox 193 1621 250 1659; x_wconf 95' lang='lat' dir='ltr'><strong>non</strong></span> <span class='ocrx_word' id='word_1_131' title='bbox 264 1605 399 1674; x_wconf 82' lang='lat' dir='ltr'><strong>glorietur</strong></span> <span class='ocrx_word' id='word_1_132' title='bbox 413 1606 525 1659; x_wconf 90' lang='lat' dir='ltr'><strong>inuidus</strong></span> <span class='ocrx_word' id='word_1_133' title='bbox 540 1606 667 1673; x_wconf 87' lang='lat' dir='ltr'><strong>Iudaeus,</strong></span> <span class='ocrx_word' id='word_1_134' title='bbox 682 1606 733 1660; x_wconf 91' lang='lat' dir='ltr'><strong>sed</strong></span> <span class='ocrx_word' id='word_1_135' title='bbox 747 1622 855 1674; x_wconf 87' lang='lat' dir='ltr'><strong>semper</strong></span> <span class='ocrx_word' id='word_1_136' title='bbox 868 1606 988 1673; x_wconf 83' lang='lat' dir='ltr'><strong>gaudeat</strong></span> <span class='ocrx_word' id='word_1_137' title='bbox 1002 1605 1080 1660; x_wconf 91' lang='lat' dir='ltr'><strong>Chri-</strong></span> 
     </span>
     <span class='ocr_line' id='line_1_17' title="bbox 152 1691 267 1745; baseline 0.026 -3"><span class='ocrx_word' id='word_1_138' title='bbox 152 1691 267 1745; x_wconf 80' lang='lat' dir='ltr'><strong>stianus</strong></span> 
     </span>
    </p>
   </div>
   <div class='ocr_carea' id='block_1_3' title="bbox 148 1828 1081 2579">
    <p class='ocr_par' dir='ltr' id='par_1_6' title="bbox 148 1828 1081 2579">
     <span class='ocr_line' id='line_1_18' title="bbox 212 1828 1079 1886; baseline 0.001 -15"><span class='ocrx_word' id='word_1_139' title='bbox 212 1830 222 1870; x_wconf 93' lang='lat' dir='ltr'><strong>l</strong></span> <span class='ocrx_word' id='word_1_140' title='bbox 241 1829 296 1872; x_wconf 90' lang='lat' dir='ltr'><strong>Vide</strong></span> <span class='ocrx_word' id='word_1_141' title='bbox 312 1830 404 1884; x_wconf 86' lang='lat' dir='ltr'><strong>praelat.</strong></span> <span class='ocrx_word' id='word_1_142' title='bbox 421 1829 450 1873; x_wconf 91' lang='lat' dir='ltr'><strong>ad</strong></span> <span class='ocrx_word' id='word_1_143' title='bbox 467 1843 487 1873; x_wconf 93' lang='lat' dir='ltr'><strong>n.</strong></span> <span class='ocrx_word' id='word_1_144' title='bbox 504 1830 581 1873; x_wconf 85' lang='lat' dir='ltr'>XXIX.</span> <span class='ocrx_word' id='word_1_145' title='bbox 630 1829 730 1883; x_wconf 80' lang='lat' dir='ltr'>PASCE]</span> <span class='ocrx_word' id='word_1_146' title='bbox 748 1829 769 1872; x_wconf 94' lang='lat' dir='ltr'><strong>in</strong></span> <span class='ocrx_word' id='word_1_147' title='bbox 787 1829 952 1886; x_wconf 80' lang='lat' dir='ltr'><strong>subscriptione,</strong></span> <span class='ocrx_word' id='word_1_148' title='bbox 969 1828 1006 1871; x_wconf 90' lang='lat' dir='ltr'><strong>ubi</strong></span> <span class='ocrx_word' id='word_1_149' title='bbox 1021 1841 1079 1872; x_wconf 88' lang='lat' dir='ltr'><strong>num.</strong></span> 
     </span>
     <span class='ocr_line' id='line_1_19' title="bbox 152 1907 1078 1963; baseline 0 -14"><span class='ocrx_word' id='word_1_150' title='bbox 152 1908 177 1952; x_wconf 91' lang='lat' dir='ltr'><strong>ll.</strong></span> <span class='ocrx_word' id='word_1_151' title='bbox 197 1908 251 1952; x_wconf 90' lang='lat' dir='ltr'><strong>sicut</strong></span> <span class='ocrx_word' id='word_1_152' title='bbox 270 1909 291 1950; x_wconf 95' lang='lat' dir='ltr'><strong>in</strong></span> <span class='ocrx_word' id='word_1_153' title='bbox 310 1921 380 1962; x_wconf 89' lang='lat' dir='ltr'><strong>praec.</strong></span> <span class='ocrx_word' id='word_1_154' title='bbox 400 1910 422 1951; x_wconf 90' lang='lat' dir='ltr'><strong>et</strong></span> <span class='ocrx_word' id='word_1_155' title='bbox 440 1908 530 1963; x_wconf 85' lang='lat' dir='ltr'><strong>subseq.</strong></span> <span class='ocrx_word' id='word_1_156' title='bbox 550 1909 608 1951; x_wconf 87' lang='lat' dir='ltr'><strong>tract.</strong></span> <span class='ocrx_word' id='word_1_157' title='bbox 627 1908 725 1959; x_wconf 65' lang='lat' dir='ltr'><strong>additum</strong></span> <span class='ocrx_word' id='word_1_158' title='bbox 747 1908 811 1950; x_wconf 87' lang='lat' dir='ltr'><strong>deest</strong></span> <span class='ocrx_word' id='word_1_159' title='bbox 829 1908 850 1949; x_wconf 93' lang='lat' dir='ltr'><strong>in</strong></span> <span class='ocrx_word' id='word_1_160' title='bbox 870 1907 941 1949; x_wconf 88' lang='lat' dir='ltr'><strong>fronte</strong></span> <span class='ocrx_word' id='word_1_161' title='bbox 959 1908 1078 1962; x_wconf 81' lang='lat' dir='ltr'><strong>inscriptio.</strong></span> 
     </span>
     <span class='ocr_line' id='line_1_20' title="bbox 151 1985 1080 2043; baseline -0.001 -16"><span class='ocrx_word' id='word_1_162' title='bbox 151 1985 286 2029; x_wconf 73' lang='lat' dir='ltr'><strong>3caelebr,</strong></span> <span class='ocrx_word' id='word_1_163' title='bbox 332 1987 398 2040; x_wconf 86' lang='lat' dir='ltr'><strong>5eo]</strong></span> <span class='ocrx_word' id='word_1_164' title='bbox 415 2000 431 2029; x_wconf 95' lang='lat' dir='ltr'><strong>s.</strong></span> <span class='ocrx_word' id='word_1_165' title='bbox 448 1987 460 2028; x_wconf 93' lang='lat' dir='ltr'><strong>l.</strong></span> <span class='ocrx_word' id='word_1_166' title='bbox 474 1986 545 2043; x_wconf 89' lang='lat' dir='ltr'><strong>suppl.</strong></span> <span class='ocrx_word' id='word_1_167' title='bbox 592 1988 618 2027; x_wconf 85' lang='lat'><strong>12</strong></span> <span class='ocrx_word' id='word_1_168' title='bbox 633 1985 753 2039; x_wconf 91' lang='lat' dir='ltr'><strong>inuicem]</strong></span> <span class='ocrx_word' id='word_1_169' title='bbox 770 1987 818 2028; x_wconf 85' lang='lat' dir='ltr'><strong>Luc.</strong></span> <span class='ocrx_word' id='word_1_170' title='bbox 835 1986 868 2038; x_wconf 85' lang='grc'><strong>24,</strong></span> <span class='ocrx_word' id='word_1_171' title='bbox 885 1987 916 2028; x_wconf 85' lang='grc'><strong>17.</strong></span> <span class='ocrx_word' id='word_1_172' title='bbox 963 1986 1080 2030; x_wconf 75' lang='lat' dir='ltr'><strong>licomi-</strong></span> 
     </span>
     <span class='ocr_line' id='line_1_21' title="bbox 150 2061 1079 2116; baseline -0.002 -11"><span class='ocrx_word' id='word_1_173' title='bbox 150 2062 223 2116; x_wconf 83' lang='lat' dir='ltr'><strong>tatio]</strong></span> <span class='ocrx_word' id='word_1_174' title='bbox 232 2063 368 2105; x_wconf 89' lang='lat' dir='ltr'><strong>desideratur</strong></span> <span class='ocrx_word' id='word_1_175' title='bbox 375 2063 417 2105; x_wconf 90' lang='lat' dir='ltr'><strong>hoc</strong></span> <span class='ocrx_word' id='word_1_176' title='bbox 427 2062 558 2105; x_wconf 92' lang='lat' dir='ltr'><strong>uocabulum</strong></span> <span class='ocrx_word' id='word_1_177' title='bbox 569 2063 634 2105; x_wconf 92' lang='lat' dir='ltr'><strong>etiam</strong></span> <span class='ocrx_word' id='word_1_178' title='bbox 645 2065 666 2105; x_wconf 90' lang='lat' dir='ltr'><strong>in</strong></span> <span class='ocrx_word' id='word_1_179' title='bbox 676 2074 737 2105; x_wconf 88' lang='lat' dir='ltr'><strong>nouo</strong></span> <span class='ocrx_word' id='word_1_180' title='bbox 745 2062 811 2106; x_wconf 81' lang='lat' dir='ltr'><strong>Thes.</strong></span> <span class='ocrx_word' id='word_1_181' title='bbox 819 2062 870 2115; x_wconf 81' lang='lat' dir='ltr'><strong>ling.</strong></span> <span class='ocrx_word' id='word_1_182' title='bbox 878 2061 913 2104; x_wconf 88' lang='lat' dir='ltr'><strong>lat.</strong></span> <span class='ocrx_word' id='word_1_183' title='bbox 939 2063 966 2103; x_wconf 83' lang='grc'><strong>24</strong></span> <span class='ocrx_word' id='word_1_184' title='bbox 974 2062 1079 2115; x_wconf 81' lang='lat' dir='ltr'><strong>israhel}</strong></span> 
     </span>
     <span class='ocr_line' id='line_1_22' title="bbox 150 2141 1081 2195; baseline -0.002 -11"><span class='ocrx_word' id='word_1_185' title='bbox 150 2143 199 2186; x_wconf 89' lang='lat' dir='ltr'><strong>Luc.</strong></span> <span class='ocrx_word' id='word_1_186' title='bbox 217 2144 250 2195; x_wconf 85' lang='grc'><strong>24,</strong></span> <span class='ocrx_word' id='word_1_187' title='bbox 268 2143 347 2185; x_wconf 87' lang='grc'>18-21</span> <span class='ocrx_word' id='word_1_188' title='bbox 365 2142 424 2186; x_wconf 75' lang='lat' dir='ltr'><strong>haud</strong></span> <span class='ocrx_word' id='word_1_189' title='bbox 439 2142 532 2187; x_wconf 90' lang='lat' dir='ltr'><strong>totidem</strong></span> <span class='ocrx_word' id='word_1_190' title='bbox 546 2142 626 2186; x_wconf 90' lang='lat' dir='ltr'><strong>uerbis.</strong></span> <span class='ocrx_word' id='word_1_191' title='bbox 659 2144 685 2185; x_wconf 82' lang='lat'><strong>25</strong></span> <span class='ocrx_word' id='word_1_192' title='bbox 700 2143 751 2185; x_wconf 88' lang='lat' dir='ltr'><strong>iam</strong></span> <span class='ocrx_word' id='word_1_193' title='bbox 766 2154 817 2185; x_wconf 96' lang='lat' dir='ltr'><strong>non</strong></span> <span class='ocrx_word' id='word_1_194' title='bbox 833 2141 971 2195; x_wconf 77' lang='lat' dir='ltr'><strong>speratisil</strong></span> <span class='ocrx_word' id='word_1_195' title='bbox 987 2142 1081 2185; x_wconf 87' lang='lat' dir='ltr'><strong>imitatur</strong></span> 
     </span>
     <span class='ocr_line' id='line_1_23' title="bbox 149 2219 1079 2275; baseline -0.001 -13"><span class='ocrx_word' id='word_1_196' title='bbox 149 2221 287 2263; x_wconf 87' lang='lat' dir='ltr'><strong>contionator</strong></span> <span class='ocrx_word' id='word_1_197' title='bbox 306 2220 459 2274; x_wconf 75' lang='lat' dir='ltr'><strong>Augustinum‘,</strong></span> <span class='ocrx_word' id='word_1_198' title='bbox 478 2222 541 2263; x_wconf 92' lang='lat' dir='ltr'><strong>utin</strong></span> <span class='ocrx_word' id='word_1_199' title='bbox 560 2220 630 2265; x_wconf 86' lang='lat' dir='ltr'><strong>Tract.</strong></span> <span class='ocrx_word' id='word_1_200' title='bbox 649 2219 748 2275; x_wconf 88' lang='lat' dir='ltr'><strong>praeced.</strong></span> <span class='ocrx_word' id='word_1_201' title='bbox 767 2220 781 2262; x_wconf 90' lang='lat' dir='ltr'><strong>l.</strong></span> <span class='ocrx_word' id='word_1_202' title='bbox 799 2221 833 2262; x_wconf 80' lang='lat'><strong>31.</strong></span> <span class='ocrx_word' id='word_1_203' title='bbox 872 2221 898 2262; x_wconf 86' lang='lat'><strong>25</strong></span> <span class='ocrx_word' id='word_1_204' title='bbox 917 2219 1079 2273; x_wconf 86' lang='lat' dir='ltr'><strong>credendum]</strong></span> 
     </span>
     <span class='ocr_line' id='line_1_24' title="bbox 150 2296 1079 2352; baseline -0.003 -12"><span class='ocrx_word' id='word_1_205' title='bbox 150 2298 199 2340; x_wconf 78' lang='lat' dir='ltr'><strong>tue.</strong></span> <span class='ocrx_word' id='word_1_206' title='bbox 214 2300 248 2352; x_wconf 88' lang='grc'><strong>24,</strong></span> <span class='ocrx_word' id='word_1_207' title='bbox 263 2300 295 2341; x_wconf 86' lang='lat'><strong>25.</strong></span> <span class='ocrx_word' id='word_1_208' title='bbox 340 2300 367 2339; x_wconf 86' lang='lat'><strong>27</strong></span> <span class='ocrx_word' id='word_1_209' title='bbox 382 2300 585 2341; x_wconf 85' lang='lat' dir='ltr'><strong>resurrectorum</strong></span> <span class='ocrx_word' id='word_1_210' title='bbox 600 2300 657 2352; x_wconf 92' lang='lat' dir='ltr'><strong>post.</strong></span> <span class='ocrx_word' id='word_1_211' title='bbox 673 2311 690 2341; x_wconf 89' lang='lat' dir='ltr'><strong>s.</strong></span> <span class='ocrx_word' id='word_1_212' title='bbox 700 2297 713 2342; x_wconf 89' lang='lat' dir='ltr'><strong>l.</strong></span> <span class='ocrx_word' id='word_1_213' title='bbox 724 2310 778 2342; x_wconf 88' lang='lat' dir='ltr'><strong>corr.</strong></span> <span class='ocrx_word' id='word_1_214' title='bbox 823 2296 945 2350; x_wconf 84' lang='lat' dir='ltr'><strong>uestrum}</strong></span> <span class='ocrx_word' id='word_1_215' title='bbox 960 2296 1005 2340; x_wconf 81' lang='lat' dir='ltr'><strong>loll.</strong></span> <span class='ocrx_word' id='word_1_216' title='bbox 1018 2297 1079 2348; x_wconf 71' lang='grc'><strong>141.</strong></span> 
     </span>
     <span class='ocr_line' id='line_1_25' title="bbox 150 2375 1080 2431; baseline -0.002 -13"><span class='ocrx_word' id='word_1_217' title='bbox 150 2378 177 2419; x_wconf 88' lang='grc'><strong>35</strong></span> <span class='ocrx_word' id='word_1_218' title='bbox 190 2376 255 2431; x_wconf 87' lang='lat' dir='ltr'><strong>dies]</strong></span> <span class='ocrx_word' id='word_1_219' title='bbox 268 2377 317 2421; x_wconf 88' lang='lat' dir='ltr'><strong>Luc.</strong></span> <span class='ocrx_word' id='word_1_220' title='bbox 332 2378 365 2429; x_wconf 82' lang='lat'><strong>24,</strong></span> <span class='ocrx_word' id='word_1_221' title='bbox 379 2378 412 2420; x_wconf 86' lang='lat'><strong>29.</strong></span> <span class='ocrx_word' id='word_1_222' title='bbox 441 2378 469 2419; x_wconf 79' lang='lat'><strong>38</strong></span> <span class='ocrx_word' id='word_1_223' title='bbox 481 2376 625 2430; x_wconf 79' lang='lat' dir='ltr'><strong>descendit]</strong></span> <span class='ocrx_word' id='word_1_224' title='bbox 638 2377 665 2419; x_wconf 88' lang='lat' dir='ltr'><strong>cf.</strong></span> <span class='ocrx_word' id='word_1_225' title='bbox 679 2375 725 2419; x_wconf 89' lang='lat' dir='ltr'><strong>lob.</strong></span> <span class='ocrx_word' id='word_1_226' title='bbox 739 2377 757 2429; x_wconf 84' lang='lat'><strong>6,</strong></span> <span class='ocrx_word' id='word_1_227' title='bbox 771 2377 805 2419; x_wconf 84' lang='lat'><strong>51.</strong></span> <span class='ocrx_word' id='word_1_228' title='bbox 836 2376 860 2417; x_wconf 88' lang='grc'><strong>41</strong></span> <span class='ocrx_word' id='word_1_229' title='bbox 877 2375 986 2428; x_wconf 85' lang='lat' dir='ltr'><strong>scilicet]</strong></span> <span class='ocrx_word' id='word_1_230' title='bbox 999 2375 1080 2418; x_wconf 88' lang='lat' dir='ltr'><strong>conieci</strong></span> 
     </span>
     <span class='ocr_line' id='line_1_26' title="bbox 148 2453 1080 2509; baseline -0.002 -12"><span class='ocrx_word' id='word_1_231' title='bbox 148 2467 177 2497; x_wconf 88' lang='lat' dir='ltr'><strong>ex</strong></span> <span class='ocrx_word' id='word_1_232' title='bbox 193 2455 240 2497; x_wconf 89' lang='lat' dir='ltr'><strong>sed</strong></span> <span class='ocrx_word' id='word_1_233' title='bbox 258 2456 267 2496; x_wconf 95' lang='lat'>1</span> <span class='ocrx_word' id='word_1_234' title='bbox 286 2467 314 2499; x_wconf 89' lang='lat' dir='ltr'><strong>m.</strong></span> <span class='ocrx_word' id='word_1_235' title='bbox 331 2456 418 2509; x_wconf 89' lang='lat' dir='ltr'><strong>scripto,</strong></span> <span class='ocrx_word' id='word_1_236' title='bbox 435 2454 515 2497; x_wconf 86' lang='lat' dir='ltr'><strong>deinde</strong></span> <span class='ocrx_word' id='word_1_237' title='bbox 531 2467 601 2497; x_wconf 87' lang='lat' dir='ltr'><strong>eraso.</strong></span> <span class='ocrx_word' id='word_1_238' title='bbox 634 2456 662 2497; x_wconf 91' lang='grc'><strong>44</strong></span> <span class='ocrx_word' id='word_1_239' title='bbox 678 2454 699 2509; x_wconf 88' lang='lat' dir='ltr'><strong>a]</strong></span> <span class='ocrx_word' id='word_1_240' title='bbox 720 2453 832 2509; x_wconf 87' lang='lat' dir='ltr'><strong>suppleui;</strong></span> <span class='ocrx_word' id='word_1_241' title='bbox 852 2455 904 2507; x_wconf 89' lang='lat' dir='ltr'><strong>post</strong></span> <span class='ocrx_word' id='word_1_242' title='bbox 920 2454 1032 2496; x_wconf 86' lang='lat' dir='ltr'><strong>sustinui</strong></span> <span class='ocrx_word' id='word_1_243' title='bbox 1048 2453 1080 2495; x_wconf 84' lang='lat' dir='ltr'><strong>nt-</strong></span> 
     </span>
     <span class='ocr_line' id='line_1_27' title="bbox 149 2531 366 2579; baseline 0.005 -3"><span class='ocrx_word' id='word_1_244' title='bbox 149 2532 218 2576; x_wconf 87' lang='lat' dir='ltr'><strong>terula</strong></span> <span class='ocrx_word' id='word_1_245' title='bbox 230 2545 292 2576; x_wconf 90' lang='lat' dir='ltr'><strong>erasa</strong></span> <span class='ocrx_word' id='word_1_246' title='bbox 304 2534 326 2576; x_wconf 95' lang='lat' dir='ltr'><strong>in</strong></span> <span class='ocrx_word' id='word_1_247' title='bbox 339 2531 366 2579; x_wconf 82' lang='lat' dir='ltr'><strong>G.</strong></span> 
     </span>
    </p>
   </div>
   <div class='ocr_carea' id='block_1_4' title="bbox 198 2738 1027 2816">
    <p class='ocr_par' dir='ltr' id='par_1_7' title="bbox 198 2738 1027 2816">
     <span class='ocr_line' id='line_1_28' title="bbox 198 2738 1027 2816; baseline -0.001 -2"><span class='ocrx_word' id='word_1_248' title='bbox 198 2742 276 2814; x_wconf 88' lang='lat' dir='ltr'><strong>DE</strong></span> <span class='ocrx_word' id='word_1_249' title='bbox 297 2739 536 2816; x_wconf 67' lang='lat' dir='ltr'><strong>QUARTA</strong></span> <span class='ocrx_word' id='word_1_250' title='bbox 557 2738 728 2814; x_wconf 66' lang='lat' dir='ltr'>FERIA</span> <span class='ocrx_word' id='word_1_251' title='bbox 749 2739 1027 2815; x_wconf 69' lang='lat' dir='ltr'>DXSCHAE</span> 
     </span>
    </p>
   </div>
   <div class='ocr_carea' id='block_1_5' title="bbox 128 2872 1120 3366">
    <p class='ocr_par' dir='ltr' id='par_1_8' title="bbox 128 2872 1120 3366">
     <span class='ocr_line' id='line_1_29' title="bbox 292 2875 1079 2930; baseline -0.004 0"><span class='ocrx_word' id='word_1_252' title='bbox 292 2878 506 2930; x_wconf 89' lang='lat' dir='ltr'><strong>esurrectionem</strong></span> <span class='ocrx_word' id='word_1_253' title='bbox 528 2892 606 2929; x_wconf 88' lang='lat' dir='ltr'><strong>suam</strong></span> <span class='ocrx_word' id='word_1_254' title='bbox 627 2876 757 2930; x_wconf 92' lang='lat' dir='ltr'><strong>dominus</strong></span> <span class='ocrx_word' id='word_1_255' title='bbox 780 2875 909 2929; x_wconf 91' lang='lat' dir='ltr'><strong>Christus</strong></span> <span class='ocrx_word' id='word_1_256' title='bbox 930 2877 1030 2928; x_wconf 86' lang='lat' dir='ltr'><strong>certam</strong></span> <span class='ocrx_word' id='word_1_257' title='bbox 1052 2878 1079 2927; x_wconf 89' lang='lat' dir='ltr'><strong>ct</strong></span> 
     </span>
     <span class='ocr_line' id='line_1_30' title="bbox 301 2960 1078 3028; baseline -0.001 -15"><span class='ocrx_word' id='word_1_258' title='bbox 301 2976 395 3014; x_wconf 88' lang='lat' dir='ltr'><strong>ueram</strong></span> <span class='ocrx_word' id='word_1_259' title='bbox 424 2961 518 3014; x_wconf 89' lang='lat' dir='ltr'><strong>multis</strong></span> <span class='ocrx_word' id='word_1_260' title='bbox 546 2964 573 3014; x_wconf 93' lang='lat' dir='ltr'><strong>et</strong></span> <span class='ocrx_word' id='word_1_261' title='bbox 599 2962 683 3014; x_wconf 87' lang='lat' dir='ltr'><strong>uariis</strong></span> <span class='ocrx_word' id='word_1_262' title='bbox 711 2960 885 3014; x_wconf 91' lang='lat' dir='ltr'><strong>documentis</strong></span> <span class='ocrx_word' id='word_1_263' title='bbox 913 2960 1078 3028; x_wconf 88' lang='lat' dir='ltr'><strong>persuadere</strong></span> 
     </span>
     <span class='ocr_line' id='line_1_31' title="bbox 145 2872 1078 3188; baseline 0 -92"><span class='ocrx_word' id='word_1_264' title='bbox 145 2872 434 3188; x_wconf 40' lang='lat' dir='ltr'><strong>&amp;dignatus</strong></span> <span class='ocrx_word' id='word_1_265' title='bbox 453 3047 504 3112; x_wconf 89' lang='lat' dir='ltr'><strong>est,</strong></span> <span class='ocrx_word' id='word_1_266' title='bbox 522 3047 636 3112; x_wconf 89' lang='lat' dir='ltr'><strong>propter</strong></span> <span class='ocrx_word' id='word_1_267' title='bbox 654 3044 859 3097; x_wconf 77' lang='lat' dir='ltr'><strong>aedificandam</strong></span> <span class='ocrx_word' id='word_1_268' title='bbox 878 3044 973 3109; x_wconf 85' lang='lat' dir='ltr'><strong>fidem,</strong></span> <span class='ocrx_word' id='word_1_269' title='bbox 992 3046 1018 3096; x_wconf 89' lang='lat' dir='ltr'><strong>et</strong></span> <span class='ocrx_word' id='word_1_270' title='bbox 1036 3043 1078 3096; x_wconf 92' lang='lat' dir='ltr'><strong>fu·</strong></span> 
     </span>
     <span class='ocr_line' id='line_1_32' title="bbox 128 3128 1079 3196; baseline -0.002 -14"><span class='ocrx_word' id='word_1_271' title='bbox 128 3139 140 3176; x_wconf 84' lang='lat'><strong>⁵</strong></span> <span class='ocrx_word' id='word_1_272' title='bbox 302 3130 424 3196; x_wconf 83' lang='lat' dir='ltr'><strong>gandam</strong></span> <span class='ocrx_word' id='word_1_273' title='bbox 450 3129 487 3182; x_wconf 86' lang='lat' dir='ltr'><strong>de</strong></span> <span class='ocrx_word' id='word_1_274' title='bbox 512 3129 597 3182; x_wconf 89' lang='lat' dir='ltr'><strong>corde</strong></span> <span class='ocrx_word' id='word_1_275' title='bbox 623 3128 782 3196; x_wconf 91' lang='lat' dir='ltr'><strong>perfidiam,</strong></span> <span class='ocrx_word' id='word_1_276' title='bbox 810 3144 973 3196; x_wconf 89' lang='lat' dir='ltr'><strong>omnemque</strong></span> <span class='ocrx_word' id='word_1_277' title='bbox 1000 3128 1079 3180; x_wconf 91' lang='lat' dir='ltr'><strong>dubi-</strong></span> 
     </span>
     <span class='ocr_line' id='line_1_33' title="bbox 147 3209 1120 3283; baseline -0.002 -16"><span class='ocrx_word' id='word_1_278' title='bbox 147 3216 281 3268; x_wconf 89' lang='lat' dir='ltr'><strong>tationem</strong></span> <span class='ocrx_word' id='word_1_279' title='bbox 310 3214 345 3266; x_wconf 90' lang='lat' dir='ltr'><strong>de</strong></span> <span class='ocrx_word' id='word_1_280' title='bbox 373 3230 423 3267; x_wconf 88' lang='lat' dir='ltr'><strong>sua</strong></span> <span class='ocrx_word' id='word_1_281' title='bbox 451 3215 650 3267; x_wconf 87' lang='lat' dir='ltr'><strong>resurrectione</strong></span> <span class='ocrx_word' id='word_1_282' title='bbox 679 3209 859 3283; x_wconf 68' lang='lat' dir='ltr'><strong>tolflendam.</strong></span> <span class='ocrx_word' id='word_1_283' title='bbox 895 3212 994 3267; x_wconf 84' lang='lat' dir='ltr'><strong>Parum</strong></span> <span class='ocrx_word' id='word_1_284' title='bbox 1023 3213 1120 3265; x_wconf 72' lang='lat' dir='ltr'><strong>fuitosv</strong></span> 
     </span>
     <span class='ocr_line' id='line_1_34' title="bbox 147 3297 1079 3366; baseline -0.001 -14"><span class='ocrx_word' id='word_1_285' title='bbox 147 3299 235 3353; x_wconf 90' lang='lat' dir='ltr'><strong>oculis</strong></span> <span class='ocrx_word' id='word_1_286' title='bbox 256 3315 285 3352; x_wconf 91' lang='lat' dir='ltr'><strong>se</strong></span> <span class='ocrx_word' id='word_1_287' title='bbox 304 3298 456 3351; x_wconf 91' lang='lat' dir='ltr'><strong>uidendum</strong></span> <span class='ocrx_word' id='word_1_288' title='bbox 476 3299 616 3365; x_wconf 90' lang='lat' dir='ltr'><strong>praebere,</strong></span> <span class='ocrx_word' id='word_1_289' title='bbox 638 3299 661 3351; x_wconf 93' lang='lat' dir='ltr'><strong>si</strong></span> <span class='ocrx_word' id='word_1_290' title='bbox 681 3315 737 3351; x_wconf 94' lang='lat' dir='ltr'><strong>non</strong></span> <span class='ocrx_word' id='word_1_291' title='bbox 758 3298 901 3366; x_wconf 90' lang='lat' dir='ltr'><strong>praeberet</strong></span> <span class='ocrx_word' id='word_1_292' title='bbox 921 3297 1003 3350; x_wconf 91' lang='lat' dir='ltr'><strong>etiam</strong></span> <span class='ocrx_word' id='word_1_293' title='bbox 1023 3313 1079 3351; x_wconf 90' lang='lat' dir='ltr'><strong>rna·</strong></span> 
     </span>
    </p>
   </div>
   <div class='ocr_carea' id='block_1_6' title="bbox 147 3379 1079 3555">
    <p class='ocr_par' dir='ltr' id='par_1_9' title="bbox 147 3379 1079 3555">
     <span class='ocr_line' id='line_1_35' title="bbox 147 3379 1079 3450; baseline -0.002 -14"><span class='ocrx_word' id='word_1_294' title='bbox 147 3383 228 3436; x_wconf 92' lang='lat' dir='ltr'><strong>nibus</strong></span> <span class='ocrx_word' id='word_1_295' title='bbox 252 3381 487 3436; x_wconf 88' lang='lat' dir='ltr'><strong>contrectandum.</strong></span> <span class='ocrx_word' id='word_1_296' title='bbox 518 3380 604 3445; x_wconf 89' lang='lat' dir='ltr'><strong>Quod</strong></span> <span class='ocrx_word' id='word_1_297' title='bbox 628 3381 707 3436; x_wconf 91' lang='lat' dir='ltr'><strong>multi</strong></span> <span class='ocrx_word' id='word_1_298' title='bbox 732 3382 809 3450; x_wconf 89' lang='lat' dir='ltr'><strong>impii</strong></span> <span class='ocrx_word' id='word_1_299' title='bbox 834 3383 860 3435; x_wconf 89' lang='lat' dir='ltr'><strong>ct</strong></span> <span class='ocrx_word' id='word_1_300' title='bbox 883 3380 994 3434; x_wconf 89' lang='lat' dir='ltr'><strong>heretici</strong></span> <span class='ocrx_word' id='word_1_301' title='bbox 1017 3379 1079 3434; x_wconf 85' lang='lat' dir='ltr'><strong>Ma-</strong></span> 
     </span>
     <span class='ocr_line' id='line_1_36' title="bbox 1028 3501 1075 3555; baseline 0.043 -2"><span class='ocrx_word' id='word_1_302' title='bbox 1028 3501 1075 3555; x_wconf 81' lang='lat'><strong>191</strong></span> 
     </span>
    </p>
   </div>
   <div class='ocr_carea' id='block_1_7' title="bbox 0 0 1414 4040">
    <p class='ocr_par' dir='ltr' id='par_1_10' title="bbox 0 0 1414 4040">
     <span class='ocr_line' id='line_1_37' title="bbox 0 0 1414 4040; baseline 0 3"><span class='ocrx_word' id='word_1_303' title='bbox 0 0 1414 4040; x_wconf 95' lang='lat' dir='ltr'><strong> </strong></span> 
     </span>
    </p>
   </div>
  </div>
 </body>
</html>
