2819 4040
163 452 241 524 DE
266 447 501 524 NATALE
526 446 734 523 SANCTI
761 448 1028 523 CYDRIANI
1054 445 1097 519 ll,

307 593 487 649 ollemnitatem
505 594 619 644 sanctam
635 593 689 647 eius
707 593 821 663 martyris
838 592 913 647 bodie
932 593 1097 655 celebramus,

319 679 361 748 qui
371 678 466 731 multos
473 679 531 729 ante
541 691 568 728 se
579 681 698 748 martyres
708 679 775 733 misit
781 678 890 748 eloquio,
897 678 991 732 multos
998 680 1058 747 post
1067 693 1096 730 se

319 762 405 816 eduxit
418 760 541 830 exemplo.
563 760 633 822 Quid
647 780 707 833 ergo
717 767 802 818 tantae
815 763 848 816 rei
858 762 964 831 dignum
977 766 1049 815 tanto
1063 761 1094 814 illi

145 872 156 908 5
320 848 484 917 proteramus,
492 846 537 900 nisi
549 851 576 900 ut
587 865 636 901 non
648 852 762 919 expectet
772 848 865 902 laudari
877 865 891 900 a
902 848 982 912 nobis,
988 848 1033 900 sed
1042 863 1093 901 non

165 938 253 988 cesset
268 950 347 987 orare
361 950 412 1001 pro
427 934 527 987 nobis?
547 932 645 988 Sumus
660 938 740 1003 enim,
755 936 820 988 etsi
835 950 889 986 non
905 935 932 985 in
946 950 980 986 eo
994 936 1092 986 merito

166 1034 220 1086 quo
234 1019 277 1071 bic
291 1018 353 1084 fuit,
368 1020 395 1071 in
410 1035 442 1071 ea
455 1019 527 1071 certe
541 1019 598 1071 uita
611 1020 638 1071 in
653 1023 746 1086 quaet
760 1021 820 1085 ipse
835 1018 980 1071 laborauit.
997 1017 1094 1071 Gessit

164 1102 230 1155 enim
245 1101 321 1154 uitam
335 1101 474 1165 mortalem,
484 1104 508 1154 et
518 1103 596 1156 modo
608 1125 700 1150 amaa*
714 1118 805 1172 gerens
815 1101 938 1171 inpetrare
947 1101 1037 1153 meruit
1050 1100 1093 1153 im-

165 1189 318 1242 mortalem.
348 1187 402 1240 lste
422 1190 512 1241 autem
533 1190 632 1243 modus
653 1190 797 1244 mortalem
818 1190 903 1240 uitam
923 1190 1045 1253 gerendi,
1067 1190 1093 1240 et

136 1273 201 1327 mad
221 1272 403 1325 immortalem
422 1274 608 1340 perueniendi,
627 1290 682 1327 non
702 1274 736 1327 ab
756 1275 818 1340 ipso
838 1272 890 1324 sibi
909 1273 1093 1338 praescriptus

165 1360 215 1423 est,
232 1357 282 1409 sed
298 1374 313 1409 a
327 1357 406 1423 duce,
422 1372 494 1425 rege,
511 1358 683 1425 imperatore,
700 1372 888 1425 praecursore,
905 1356 1092 1422 a<d>iutore‚

166 1442 314 1508 saluatore,
328 1441 484 1508 liberatore,
497 1443 618 1495 omnium
632 1446 781 1509 martyrum
794 1442 966 1506 coronatore,
980 1440 1094 1493 domino

166 1527 268 1580 scilicet
283 1526 337 1579 deo
352 1529 379 1579 et
394 1526 532 1579 saluatore
547 1530 643 1581 nostro
660 1527 721 1581 lesu
737 1526 860 1592 Christo,
875 1526 956 1577 unico
971 1524 1034 1577 filio
1049 1525 1094 1577 dei

164 1612 195 1662 ut
208 1626 369 1678 crearemur,
386 1613 413 1664 et
429 1611 490 1665 filio
504 1611 624 1665 hominis
640 1615 670 1666 ut
684 1621 933 1673 recrea<re>mur3
949 1608 984 1661 ab
999 1625 1033 1661 eo
1048 1610 1093 1676 qui

135 1696 274 1748 ismentiri
298 1697 392 1762 nescit,
415 1698 460 1763 qui
484 1712 531 1749 nec
554 1696 629 1750 fallit
652 1712 701 1749 nec
724 1694 839 1759 fallitur,
863 1694 1032 1760 praescripta
1054 1696 1096 1746 est

165 1778 260 1846 regula
274 1780 300 1831 in
314 1783 421 1846 quaest
434 1782 599 1834 constitutus
613 1781 713 1834 modus
726 1778 840 1847 gerendi
854 1778 998 1830 mortalem
1010 1778 1095 1831 uitam

165 1866 192 1915 et
204 1865 383 1931 perueniendi
396 1865 431 1917 ad
444 1868 590 1919 aeternam.
605 1865 686 1917 Hanc
698 1865 796 1917 beatus
809 1862 967 1929 Cyprianus
980 1866 1096 1915 nouerat

165 1949 191 1999 et
206 1947 335 2001 docebat:
351 1964 399 2001 nec
415 1948 531 2002 docebat
546 1951 662 2014 tantum,
678 1948 771 2001 sedet
787 1947 917 2011 faciebat;
933 1962 966 2000 eo
982 1946 1095 1999 demon-

164 2033 255 2084 strans
274 2048 330 2085 non
348 2048 377 2085 se
396 2032 494 2086 fallere
513 2048 582 2100 quos
601 2032 728 2098 docebat,
748 2033 810 2098 quia
829 2031 956 2084 docendo
974 2030 1094 2097 uiuebat,

132 2117 191 2170 anet
205 2117 326 2169 uiuendo
341 2115 469 2171 iaciebat.
483 2114 562 2183 Quid
576 2132 644 2183 ergo
658 2116 807 2170 dominus?
822 2131 967 2182 quemnam
981 2115 1094 2169 modum

163 2201 306 2253 constituit
322 2201 437 2267 gerendi
454 2201 598 2254 mortalem
614 2202 708 2267 uitam,
726 2203 753 2252 et
770 2200 896 2252 meritum
913 2199 1094 2266 inpetrandae

164 2285 327 2337 immortalis
347 2285 439 2338 uitae?
457 2285 548 2338 llllodo
568 2285 733 2350 audiuimus,
753 2300 814 2337 cum
834 2286 958 2337 sanctum
977 2299 1093 2350 euange-
1123 2318 1218 2347 mmmm

164 2369 229 2420 lium
241 2368 388 2435 legeretur:
397 2367 462 2434 Qui
472 2370 542 2421 uult
552 2385 609 2435 me,
622 2370 718 2436 inquit,
729 2370 830 2435 sequi,
841 2370 1092 2435 negetseipsum.
1125 2367 1220 2404 cumana

164 2451 251 2515 Quasi
266 2452 413 2506 obscurum
426 2453 574 2519 uideretur,
589 2453 699 2506 addidit
712 2454 800 2506 adbuc
814 2453 940 2505 caelestis
954 2455 1093 2520 magister,
1102 2415 1201 2517 pm
1211 2423 1245 2499 {ll}

131 2540 189 2593 25et
209 2538 286 2590 dicit:
304 2536 368 2604 ¹Qui
388 2541 471 2591 amat
491 2540 625 2591 animam
645 2553 744 2605 suam,
764 2537 876 2604 perdet
894 2553 972 2602 eam3
992 2538 1093 2604 etqui
1137 2513 1205 2541 'mmm'

163 2621 343 2688 perdiderit
366 2637 433 2674 eam
456 2625 588 2690 propter
612 2638 668 2688 me,
694 2623 836 2674 inueniet
860 2637 934 2674 eam.
974 2619 1028 2674 lste
1052 2623 1094 2674 est

163 2705 262 2758 modus
280 2705 418 2771 gerendae
435 2706 561 2759 mortalis
578 2706 660 2771 uitae,
679 2706 715 2759 ad
733 2704 925 2772 inpetrandam
943 2706 1028 2758 uitam
1046 2706 1094 2757 irn-

163 2789 318 2854 mortalem;
337 2790 373 2843 de
390 2790 442 2843 hoc
459 2791 552 2856 modu,
573 2790 685 2843 fauente
703 2791 766 2856 ipso
783 2790 860 2843 cuius
879 2789 1094 2843 sollemnitatem

163 2876 278 2941 agimus,
296 2876 323 2927 et
339 2877 435 2927 orante
452 2891 503 2941 pro
521 2875 611 2941 nobis,
629 2874 734 2942 aliquid
752 2874 865 2927 anobis
883 2874 977 2927 audiat
994 2875 1092 2928 caritas

129 2959 262 3014 sonestra.
292 2956 405 3024 [Magna
427 2960 470 3010 est
491 2958 564 3010 enim
586 2973 688 3010 merces
711 2958 864 3024 proposita,
888 2958 988 3011 fratres
1011 2957 1092 3011 dilec·
1106 2970 1236 3026 talamannia

161 3043 278 3102 tissimi]
304 3040 386 3095 Certe
403 3041 617 3095 sollemnitatem
635 3041 805 3095 celebramus
822 3042 975 3096 beatissimi
993 3020 1246 3109 marty-masrffifarffissum

162 3127 211 3179 ris:
224 3126 260 3178 ad
271 3125 340 3179 hanc
352 3126 532 3179 festiuitatem
545 3126 667 3179 omnium
680 3126 797 3179 fratrum
809 3142 991 3194 sororumque
1003 3126 1092 3180 multi·
1109 3115 1237 3194 Μζξῗξξζζπ·

160 3211 229 3263 tudo
251 3212 388 3276 conuenit,
410 3212 437 3263 et
457 3211 580 3278 gaudent
600 3210 771 3264 celebrantes
794 3213 922 3265 natalicia
935 3207 946 3281 ΙΙ
956 3213 1133 3278 martyrisrm.
1148 3228 1183 3264 135

162 3294 190 3347 Si
209 3296 309 3349 natalis
326 3298 376 3361 est,
395 3297 474 3348 natus
492 3298 545 3360 est;
563 3297 593 3348 ut
611 3297 776 3362 nasceretur,
793 3299 942 3363 conceptus
960 3298 1009 3349 est.
1035 3295 1092 3349 Ubi

129 3394 153 3431 35
161 3383 309 3447 conceptus
322 3380 383 3433 est?
402 3378 432 3432 ln
444 3379 494 3432 hac
506 3381 564 3432 uita
577 3394 630 3446 qua
643 3383 723 3433 natus
735 3382 785 3433 est.
798 3380 886 3434 ¹llanc
898 3382 983 3434 uitam
995 3396 1092 3433 omnes

1042 3500 1092 3553 105
