2819 4040
652 360 671 398 S.
685 359 790 410 Augustini
803 359 895 399 tractatus

318 486 402 540 leuat:
418 484 497 550 multi
508 485 644 551 homines
657 486 742 538 immo
752 497 851 540 omnes
862 485 997 549 homines,
1010 481 1122 550 quando
1135 481 1251 535 audiunt

165 572 345 623 Pretiosanuaequein
360 571 433 623 terra
448 569 540 637 aliqua
555 569 693 623 bellorum
709 571 852 625 imminere
868 569 997 639 pericula,
1013 567 1143 635 quicquid
1165 580 1252 618 carum
1307 635 1308 638 Ἰ

164 627 427 721 iffifflffffiimbessffhabent,
446 657 582 722 quaerunt
598 654 646 707 ubi
665 657 785 709 seruent.
807 655 911 710 Nonne
930 657 968 708 sic
985 653 1048 706 est?
1067 654 1160 720 potest
1178 654 1251 720 quis·

203 725 269 755 [ΝΜ
316 754 398 807 quam
415 740 443 792 in
458 755 559 809 genere
575 739 697 793 humano
714 739 795 793 aliter
811 757 882 809 esse,
899 756 980 810 quam
996 738 1079 792 dico?-
1095 737 1251 805 ‘Argentum

315 823 407 890 habet,
424 839 520 877 aurum
535 824 627 892 habet,
642 840 767 892 gemmas
783 825 875 894 habet,
892 825 1007 880 monilia
1021 824 1144 891 pretiosa
1158 822 1282 890 hahet,2o

315 913 407 964 uestes
430 927 508 964 caras
529 911 625 965 habet:
653 912 760 979 quaerit
783 913 831 965 uhi
855 915 954 981 seruet,
977 913 1071 979 utique
1094 926 1128 963 nc
1151 909 1250 978 perdat

316 995 392 1062 quod
409 995 500 1049 habet.
520 995 625 1049 Melius
643 1010 753 1049 sursum
771 998 859 1062 ponat
876 998 952 1065 quod
969 995 1066 1049 melius
1083 994 1174 1060 hahet,
1192 1009 1250 1047 sur-

269 1095 377 1137 srvsum
392 1081 487 1148 ponat.
503 1078 583 1147 Quid
597 1080 696 1134 melius
707 1076 806 1151 {habet
819 1083 904 1135 corde
919 1082 990 1136 suo?
1007 1079 1050 1134 De
1063 1079 1147 1133 corde
1161 1079 1250 1147 possi·

314 1162 415 1217 dentur
428 1166 545 1218 terrena.
561 1163 692 1231 vDenique
705 1165 815 1231 paruuli
830 1168 917 1233 pueri,
933 1167 996 1234 quia
1010 1164 1134 1218 nondum
1147 1162 1251 1217 habent

315 1262 427 1301 sensum
449 1250 476 1301 et
496 1249 666 1302 intellectum
688 1250 716 1302 in
738 1261 791 1302 usu
814 1280 848 1288 -
869 1250 972 1304 habent
993 1252 1066 1304 enim
1087 1248 1249 1317 sepositum,
1258 1261 1281 1297 25

315 1332 440 1385 nondum
452 1333 480 1385 in
491 1334 530 1386 eis
541 1333 687 1401 euigilauit
699 1333 774 1401 quod
785 1336 908 1387 creatum
917 1338 962 1388 ‘est
972 1365 1006 1372 —
1017 1333 1150 1402 numquid
1161 1334 1250 1402 possi-

315 1415 402 1472 dent?-
429 1416 560 1470 Nascitur
578 1417 658 1470 heres
679 1416 791 1470 futurus
812 1420 938 1471 omnium*
957 1431 1056 1485 rerum‘,
1076 1420 1104 1471 et
1124 1419 1251 1486 quamuis

175 1522 237 1552 partun
247 1522 290 1577 nun
314 1503 374 1556 eius
390 1504 445 1557 iam
460 1505 517 1557 iure
533 1505 588 1556 sint
603 1505 706 1570 omnia,
722 1504 847 1557 nondum
862 1506 955 1558 tamen
970 1504 1097 1572 possidet
1112 1520 1170 1571 sua,
1186 1506 1250 1573 quia

183 1570 278 1656 ‘ffidffl
313 1587 388 1640 unde
400 1587 545 1655 possideat
556 1587 680 1641 nondum
691 1588 783 1641 habet.
804 1588 872 1642 ldeo
885 1588 956 1642 dixit
967 1589 1121 1656 apostolus,
1132 1587 1249 1655 Quam-

313 1670 369 1724 diu
380 1671 471 1724 heres
482 1672 635 1739 paruulus
646 1674 706 1738 est,
718 1672 799 1724 nihil
811 1673 931 1726 differt
942 1689 957 1726 a
968 1685 1071 1726 seruo'.
1088 1672 1170 1726 Unde
1181 1687 1248 1741 ergo
1257 1683 1281 1722 ao

313 1755 420 1823 aliquid
437 1756 614 1823 possidemus
631 1756 659 1808 in
675 1758 757 1822 terra,
775 1772 823 1809 cor
839 1754 890 1823 esi,
908 1755 1063 1809 intellectus
1079 1758 1130 1822 est,
1148 1771 1247 1810 sensus

312 1843 362 1908 est,
378 1843 518 1910 ingenium
532 1845 582 1909 est,
597 1843 670 1895 ratio
683 1844 734 1909 est,
748 1844 882 1910 cogitatio
896 1844 946 1909 est,
960 1842 1115 1896 consilium.
1131 1840 1247 1909 Quanta

311 1925 378 1992 dixi,
390 1928 418 1979 et
428 1927 495 1993 quid
503 1926 582 1980 dixi?
595 1925 668 1993 Quis
680 1927 753 1979 enim
763 1926 966 1994 conprehendit
976 1927 1025 1981 se?
1039 1928 1244 1994 quantominus

310 2010 398 2077 illum,
412 2012 458 2078 qui
471 2010 537 2064 iecit
550 2011 598 2064 se?
616 2010 657 2063 lbi
669 2011 895 2065 commendemus
909 2011 984 2079 quod
997 2026 1089 2065 carum
1101 2011 1244 2066 habemus.

310 2093 423 2148 Circum
439 2096 565 2162 inspicite
579 2097 673 2149 omnia
686 2098 788 2163 uestra,
805 2095 906 2149 fratres
921 2097 983 2163 mei,
998 2098 1026 2149 et
1040 2097 1162 2150 inuenite
1177 2097 1245 2165 quid
1252 2107 1276 2145 ³5

309 2180 399 2233 carius
419 2180 553 2235 habeatis.
579 2181 642 2249 Ego
660 2184 688 2235 et
707 2198 807 2235 auaros
828 2199 985 2237 ammoneo:
1011 2185 1114 2250 quanto
1133 2182 1244 2237 facilius

309 2279 353 2316 me
368 2264 485 2318 audiunt
499 2280 555 2318 non
571 2266 659 2319 auari!
681 2265 828 2320 Conuinco
843 2282 954 2320 auaros:
976 2264 1004 2320 Ο
1018 2269 1048 2320 tu
1063 2282 1145 2320 auare
1159 2267 1243 2321 homo

310 2347 474 2415 adquisitor,
488 2349 678 2417 undecumque
691 2351 750 2403 siue
763 2350 880 2404 honeste
893 2353 952 2404 siue
964 2353 1081 2419 turpiter
1094 2351 1169 2405 lucra
1180 2368 1245 2405 con·

309 2433 430 2499 quirens,
441 2435 572 2500 congeris
587 2434 623 2487 ad
637 2437 664 2487 te
679 2435 797 2488 multum
812 2435 910 2488 lutum:
929 2435 1015 2488 lutum
1029 2435 1147 2502 colligis,
1162 2437 1189 2489 et
1209 2451 1243 2489 ne

310 2516 348 2569 ibi
368 2516 481 2570 haereas
499 2534 556 2570 non
574 2519 755 2586 pertimescis,
774 2535 837 2572 cara
855 2521 920 2572 sunt
937 2519 987 2572 tibi
1006 2521 1122 2573 terrena.
1148 2519 1243 2574 Homo
1251 2532 1276 2569 ro

309 2619 348 2671 es,
365 2620 466 2671 corpus
482 2604 576 2672 habes,
594 2606 714 2658 animam
731 2605 828 2658 habes:
846 2607 874 2658 in
891 2607 953 2673 ipso
970 2622 1084 2673 corpore
1101 2609 1150 2659 tuo
1166 2607 1243 2674 prius

155 2706 198 2737 uini
207 2707 223 2762 u
236 2715 302 2746 corpore
309 2704 414 2756 quaero
432 2689 498 2756 quid
515 2691 604 2742 carius
623 2690 747 2743 habeas?-
771 2689 852 2757 Puto,
871 2690 938 2743 nihil
957 2691 1064 2743 inuenis
1082 2692 1243 2758 incorpore

170 2755 285 2786 ⁰²⁰¹¹⁵⁶³‘¹“⁵'
308 2774 359 2826 tuo
380 2772 468 2825 oculis
488 2774 586 2827 carius.
623 2772 750 2841 Denique
773 2775 820 2841 qui
843 2774 958 2828 multum
980 2776 1073 2828 amant
1094 2775 1242 2843 hominem,

308 2860 415 2913 dicunt:
432 2858 475 2913 Sic
487 2862 513 2914 te
526 2874 597 2928 am0‚
612 2862 754 2929 quomodo
767 2861 864 2916 oculos
875 2875 962 2916 meos.
981 2861 1094 2916 Gradus
1107 2862 1242 2916 iaciamus

307 2944 345 2997 ad
363 2944 400 3011 id,
419 2945 494 3012 quod
511 2946 592 3013 cupio
610 2946 810 3000 demonstrare.
837 2945 868 2999 ln
885 2946 1015 3000 membris
1032 2947 1087 2999 tuis
1106 2946 1173 2999 nihil
1191 2947 1274 3000 tibi45

307 3030 350 3082 est
363 3028 446 3082 oculo
457 3029 555 3083 carius.
574 3028 696 3083 'Attende
711 3045 783 3084 nunc
795 3030 941 3084 thesauros
953 3033 1026 3098 tuoS,
1041 3030 1153 3084 attende
1167 3031 1242 3098 quod

307 3129 411 3167 seruas.
439 3111 467 3165 Si
488 3115 548 3182 quis
567 3114 618 3167 tibi
637 3115 753 3181 diceret;
771 3113 829 3168 hut
848 3115 899 3168 das
918 3115 984 3169 mihi
1005 3116 1080 3183 quod
1100 3130 1195 3168 seruas
1214 3118 1242 3168 in

305 3202 387 3268 terra,
403 3202 451 3254 aut
465 3200 550 3254 modo
565 3201 663 3255 aufero
677 3202 774 3256 oculos
789 3205 865 3268 tuos3
884 3218 976 3256 nonne
989 3204 1079 3256 totum
1093 3202 1175 3255 dares
1190 3218 1241 3270 pro

305 3285 394 3340 oculis
409 3285 486 3338 tuis?
501 3284 527 3337 ·T
527 3286 604 3338 otum
619 3286 709 3353 dares,
725 3302 759 3339 ne
774 3288 802 3340 in
817 3287 872 3339 tuis
887 3287 993 3340 diuitiis
1007 3301 1104 3340 caecus
1119 3301 1240 3340 remane-

305 3386 361 3424 res:
383 3371 531 3424 nonenim
550 3372 718 3439 possideres
737 3373 813 3440 quod
832 3373 955 3426 nondum
974 3373 1093 3426 uideres.
1124 3371 1160 3424 Et
1177 3387 1273 3427 aua-50

306 3456 369 3508 ritia
385 3455 497 3523 quidem
512 3457 559 3509 tua
575 3457 702 3523 possidet
717 3472 822 3525 aurum,
839 3460 988 3512 extremam
1004 3458 1097 3512 nescio
1113 3474 1194 3526 quam
1214 3461 1241 3512 et

304 3573 339 3625 74
