2819 4040
523 403 620 444 Praelatio

106 529 281 582 consociatus
295 530 365 592 crat;
380 526 426 580 alii
442 529 532 580 autem
547 529 681 596 nonnulli,
696 540 767 597 quos
780 530 808 581 in
822 541 942 581 errorem
957 522 1037 578 indu-

105 613 183 665 xerat
202 612 364 665 auctoritate
384 625 442 677 sua,
461 611 585 665 nondum
603 613 743 680 ‚ecclesiae
760 612 912 667 catholicae
932 609 1037 663 salubri

106 694 285 748 correctione‘
301 693 413 747 inerant
427 694 557 748 restituti:
574 699 742 764 quapropter
756 699 786 750 ut
800 712 849 750 eos
865 696 965 750 docere
979 708 1037 748 non

105 777 232 845 differat,
245 780 327 845 atque
339 777 375 830 ad
386 777 500 831 domum
513 777 565 832 Dei
577 781 690 834 reducat
701 780 860 834 admonent.
874 779 963 832 P-orro
974 792 1035 830 cum

106 877 259 930 perpaucos
271 877 305 915 eo
317 863 441 928 tempore
452 859 586 916 Arrianos
598 865 625 918 in
636 863 732 918 Africa
743 865 908 917 remansisse
919 863 1036 928 constet,

106 947 221 1013 ipseque
239 944 414 1013 Augustinus
433 948 549 1000 testetur
568 963 647 1003 serm.
667 949 710 1015 46,
732 965 757 1002 n.
780 948 813 1001 18
833 947 1034 1014 ,Eunomianos

107 1045 162 1082 non
174 1045 236 1082 esse
248 1030 275 1082 in
287 1028 402 1097 Africa‘,
415 1046 471 1083 non
483 1046 599 1098 possum
609 1035 674 1101 quin
686 1034 771 1087 ducar
783 1033 819 1086 ad
831 1032 1035 1100 suspicandum,

106 1113 203 1167 inediti
218 1116 354 1169 sermonis
368 1114 449 1168 huius
463 1116 613 1172 clausulam
628 1118 664 1172 ad
677 1119 888 1180 conuersionem
902 1117 1035 1183 praedicti

106 1196 223 1251 Maximi
234 1198 344 1252 reterri:
354 1200 516 1266 praesertim
526 1216 586 1254 cum
596 1202 743 1270 utrobique
754 1203 781 1254 et
792 1200 827 1254 de
836 1216 893 1254 uno
901 1215 1036 1253 conuerso

106 1283 203 1335 ceteris
218 1283 246 1336 in
261 1283 411 1350 pertinacia
426 1285 607 1353 manentibus,
622 1289 649 1339 et
662 1286 698 1339 de
712 1285 878 1338 coercitione
893 1284 927 1337 ab
942 1284 975 1338 iis
990 1286 1036 1352 qui

106 1367 238 1433 praesunt
251 1366 383 1420 ecclesiae
395 1367 528 1435 adhibita,
543 1384 573 1421 ac
586 1369 696 1422 demum
708 1369 745 1422 de
759 1368 884 1435 pluribus
899 1368 1036 1435 episcopis

107 1448 283 1502 adstantibus
294 1451 424 1515 uniuersa
435 1467 504 1518 quae
515 1453 642 1508 dicuntur
653 1457 720 1508 mire
731 1456 802 1507 inter
813 1470 843 1506 se
853 1453 1036 1507 consentiant.

136 1557 180 1602 Lll.
193 1558 208 1602 i.
221 1560 248 1601 83
262 1558 335 1602 Primo
346 1559 382 1602 die
395 1559 504 1604 dominico
517 1563 617 1618 agnoscit
627 1564 704 1608 caritas
717 1564 790 1606 uestra
804 1594 809 1606 .
823 1561 865 1605 hoc
875 1563 910 1605 est
922 1563 971 1604 ante
983 1561 1038 1605 istos

166 1632 216 1673 octo
237 1630 286 1674 dies
300 1666 305 1677 .
320 1665 325 1676 .
339 1664 344 1674 .
367 1634 389 1675 et
410 1633 484 1687 peritis
498 1666 503 1676 .
516 1635 538 1676 et
559 1635 649 1689 perditis
662 1667 667 1678 .
680 1647 746 1678 amen
759 1667 764 1677 .
779 1633 853 1677 ΕΧΡΕ
867 1668 872 1679 .
886 1632 967 1679 Tunc
980 1666 985 1676 .
1000 1633 1040 1676 Du

167 1702 320 1746 DOMlNlCO
334 1703 384 1746 DlE
395 1703 582 1751 ocrnssnllulr
594 1707 713 1753 SANCTE
725 1706 818 1749 PASCE
831 1741 836 1752 .

167 1785 263 1840 Sermo
281 1789 346 1841 item
363 1788 486 1841 nondum
505 1789 580 1857 quod
597 1791 681 1843 sciam
699 1790 726 1842 in
744 1789 832 1842 lucem
850 1788 950 1855 editus,
967 1788 1039 1855 pari-

107 1873 202 1938 terque
217 1869 376 1938 Augustino
391 1872 465 1924 omni
481 1872 591 1927 exclusa
605 1873 780 1926 dubitatione
794 1872 988 1926 uindicandas
1008 1871 1039 1924 ln

107 1954 206 2008 eodem
221 1956 348 2008 uersatur
363 1959 533 2024 argumento,
549 1973 604 2024 quo
620 1959 647 2011 et
662 1972 804 2011 sermones
819 1956 881 2010 224.
897 1956 958 2010 258.
974 1954 1039 2020 2603

108 2039 184 2106 quod
207 2054 274 2092 uero
297 2040 335 2107 ‚in
358 2039 498 2093 dominico
519 2040 566 2093 die
588 2042 748 2094 octauarum
772 2042 883 2093 sanctae
907 2037 1039 2092 Paschae‘

108 2124 256 2191 inscriptus
274 2126 324 2190 est,
342 2124 380 2177 ita
397 2123 456 2176 fere
473 2124 500 2176 in
518 2123 720 2192 antiquioribus
737 2123 881 2177 codicibus
898 2137 1039 2176 sermones

109 2208 161 2261 148
172 2210 201 2260 et
212 2208 265 2262 259
278 2209 483 2276 praenotantur,
496 2209 541 2275 qui
554 2208 651 2261 eadem
663 2207 709 2261 die
721 2207 808 2261 habiti
822 2208 894 2260 sunt.
906 2205 1039 2259 Animad-

107 2292 190 2346 uertit
203 2293 387 2358 contionator‚
401 2294 464 2347 ante
477 2295 539 2345 octo
552 2292 612 2344 dies
625 2290 677 2344 hoc
690 2292 829 2344 cantatum
842 2306 904 2344 esse
918 2307 934 2343 a
947 2289 1040 2342 tideli-

106 2376 168 2443 buq
184 2375 259 2444 quod
274 2375 370 2429 hodie:
387 2375 446 2428 Hic
459 2377 508 2429 est
521 2375 591 2428 dies
606 2390 696 2442 quem
711 2374 790 2428 iecit
805 2374 965 2441 dominuS,
981 2391 996 2427 a
1010 2390 1039 2427 se

107 2475 192 2528 porro
208 2476 242 2513 ex
257 2458 402 2514 Geneseos
419 2460 533 2512 exordio
549 2458 696 2525 uerbisque
712 2456 793 2511 Pauli
809 2457 846 2511 ad
863 2457 965 2525 Ephes
982 2458 1007 2524 5,
1023 2457 1040 2511 8

107 2543 284 2612 explanatum
309 2542 409 2608 fuisse3
435 2542 507 2595 idem
532 2558 603 2595 nunc
627 2543 662 2595 de
686 2541 793 2595 occulta
818 2542 889 2594 inter
912 2540 1039 2595 homines

107 2627 246 2681 diuisione
266 2627 333 2680 lucis
353 2643 383 2680 ac
401 2626 575 2680 tenebrarum
594 2626 796 2693 interpretatur,
815 2625 994 2692 infantesque
1012 2627 1039 2678 in

109 2710 223 2765 Christo
242 2713 354 2764 renatos
373 2710 490 2777 adiurat,
509 2712 539 2763 ut
556 2709 698 2777 ,miscendi
717 2708 802 2762 bodie
821 2724 935 2762 numero
954 2724 1040 2776 popu-

108 2794 207 2848 lorum‘
220 2810 291 2862 quos
304 2795 444 2848 imitentur
456 2793 568 2862 eligant,
582 2810 612 2847 ac
624 2792 749 2847 fideliter
760 2795 865 2861 uiuant,
879 2795 925 2861 qui
938 2792 1040 2847 fideles

106 2879 249 2931 uocantur.

138 2992 227 3035 XXXlll
247 2992 288 3037 bis.
301 2992 316 3035 i.
328 2982 374 3035 84ν
386 2992 448 3038 Beati
461 2992 555 3046 apostoli
565 3004 613 3035 cum
626 2992 732 3036 mirabilia
744 2992 840 3036 iacerent
854 3026 859 3036 .
873 3025 879 3036 .
893 3026 898 3036 .
912 2993 963 3048 quia
975 2992 1041 3036 multa

165 3065 254 3119 agenda
278 3067 329 3108 sunt
347 3099 352 3110 .
372 3064 446 3107 EXPL*
464 3098 469 3108 .
488 3064 567 3110 Tunc
586 3096 591 3106 .
611 3064 650 3107 DE
674 3065 828 3109 DOMlNlCO
852 3065 1039 3111 OC'TABARUM

166 3136 284 3180 SANCTE
295 3136 387 3180 PASCE
400 3171 406 3182 .
420 3137 438 3179 ll
452 3171 458 3183 .

166 3218 254 3287 Quod
267 3235 402 3288 nusquam
416 3220 485 3273 alias
499 3221 526 3272 in
539 3221 590 3273 hac
602 3220 769 3273 collectione
780 3221 904 3288 contigit,
918 3221 1039 3274 secundo

108 3304 292 3372 interponitur
307 3305 398 3357 oratio
413 3318 496 3371 supra
512 3319 537 3356 n.
554 3302 676 3356 XXXlll
693 3304 747 3371 ipsi
764 3302 886 3357 Paschae
901 3304 1039 3357 dominico

109 3387 267 3455 adsignata:
289 3389 366 3441 cuius
388 3387 477 3440 locum
499 3388 642 3454 proprium
664 3387 736 3441 hunc
756 3389 850 3456 potius
873 3404 933 3442 esse
954 3387 1040 3440 credi-

109 3470 205 3540 derim,
224 3471 341 3528 eumad
360 3470 500 3524 Psalmum
521 3471 572 3524 115
592 3470 726 3525 Credidi
746 3489 778 3526 ea
797 3473 940 3540 referatur,
959 3488 1041 3541 quem

107 3604 122 3635 S.
129 3605 210 3644 augustini
222 3607 299 3637 tractatus.
330 3600 346 3637 ll
971 3591 1042 3645 XVH
