2819 4040
633 319 651 358 S.
665 321 771 370 Augustini
784 323 875 361 tractatus

332 444 366 497 30,
377 444 416 494 79,
449 443 472 485 in
499 442 606 486 cadauera
634 445 753 498 martyrum
822 445 874 500 quid
890 458 914 488 se
930 445 1007 489 meiius
1024 444 1115 489 haberet
1131 444 1238 502 Christus,

333 515 399 558 stulte
421 516 523 558 saeuiunt
543 518 695 570 persecutores
717 518 752 569 30,
822 519 865 561 hoe
878 517 950 561 daret:
964 517 1004 560 sed
1019 517 1068 560 Deo
1082 517 1135 560 nihil
1148 520 1181 561 est
1194 531 1239 560 me-

332 588 371 639 643
390 586 491 630 subditus
510 587 576 631 debet
595 600 645 631 esse
664 590 752 644 martyr,
822 592 870 645 lius,
885 592 907 634 et
920 589 1020 633 Christus
1036 590 1097 633 Deus
1111 592 1145 633 est
1156 592 1176 643 9,
1191 591 1238 634 159.

333 672 378 702 non
395 659 485 713 homini,
501 659 541 703 sed
558 660 613 714 Deo,
631 661 668 715 qui
683 660 752 703 homi·
792 664 874 707 meritis
887 664 956 706 iustus
968 661 1052 716 reddet,
1066 662 1103 717 qui
1116 662 1238 705 misericors

333 746 383 776 nem
418 734 490 777 iacere
517 735 622 789 permittit
650 735 684 789 30,
713 735 752 786 98;
822 736 914 779 donauit
931 735 1007 779 merita
1025 736 1058 789 23,
1077 736 1124 778 171.
1143 736 1195 787 180;
1211 734 1238 778 ci.

333 804 433 848 Christus
468 807 573 859 martyres
607 818 651 848 uon
680 805 751 848 solum
824 809 856 862 24,
874 809 925 859 128;
941 807 982 849 Dei
998 806 1058 849 dona
1072 807 1124 849 sunt
1138 807 1186 860 ipsa
1201 805 1239 849 ho·

333 877 409 932 uerbo,
423 877 463 921 sed
477 878 543 921 etiam
557 878 659 932 exemplo
674 877 752 921 exhor·
821 880 885 923 minis
911 880 987 922 merita
1012 879 1174 933 23,183.190;
1200 891 1241 921 nec

313 949 412 992 ¹tandos
440 951 538 1005 suscepit
564 952 597 1004 31,
625 952 664 1001 44;
692 963 752 993 mors
822 955 895 996 tamen
907 952 1001 995 hominis
1012 952 1090 994 merito
1102 951 1144 994 Dei
1155 950 1239 993 adiuto-

332 1033 406 1076 poena
418 1023 539 1076 peccatoris
551 1022 681 1077 martyribus
694 1022 752 1065 iacta
822 1025 877 1067 rium
892 1024 1025 1079 praeiudicat
1039 1024 1073 1077 31,
1089 1023 1129 1065 156
1136 1036 1165 1066 ss.

332 1095 366 1135 est
380 1093 549 1136 instrumentum
564 1094 649 1136 uirtutis
664 1094 697 1148 31,
712 1095 751 1146 603
792 1098 886 1139 metator
899 1096 980 1140 Christi
993 1094 1103 1138 Iohannes
1117 1096 1150 1149 22,
1164 1095 1197 1138 61.

333 1166 374 1208 nisi
386 1178 446 1208 mors
459 1178 532 1209 amara
544 1167 609 1219 esset,
622 1166 681 1209 uuila
692 1169 752 1214 esset
792 1169 883 1212 ministri
900 1169 981 1212 Christi
996 1170 1068 1211 utrum
1084 1167 1137 1210 boni
1153 1167 1196 1210 sint
1211 1178 1238 1210 an

331 1239 450 1292 martyrum
478 1238 547 1293 gioria
574 1238 671 1292 31,107;
698 1251 753 1280 mar·
821 1242 872 1284 maii
895 1254 939 1284 non
962 1242 1052 1297 quaerat
1074 1240 1176 1296 populus,
1199 1238 1238 1282 sed

331 1313 396 1366 tyres,
418 1323 469 1366 pars
489 1310 577 1362 Christi,
598 1324 649 1354 esca
669 1310 751 1354 Christi
822 1313 882 1368 quod
893 1315 1027 1358 ministratur
1037 1313 1141 1357 adtendat
1152 1313 1238 1367 32295.

332 1384 380 1437 A7,
391 1384 557 1436 76;martyrum
568 1382 698 1426 feminarum
709 1395 753 1426 cer·
791 1386 912 1429 ministrare
940 1386 1001 1429 uenit
1022 1386 1137 1439 Dominus,
1164 1384 1238 1427 dando

331 1457 405 1498 tamen
421 1455 541 1498 mirabilius
556 1455 575 1497 A
590 1456 653 1509 8,14.

302 1541 376 1571 massa
389 1529 473 1584 peccati
486 1528 513 1572 de
528 1527 598 1570 Adam
612 1529 706 1571 ueniens
717 1529 751 1582 10,

332 1603 372 1652 35;
386 1613 460 1644 massa
474 1600 602 1656 perditionis
618 1602 650 1655 18,
666 1603 704 1652 75;
717 1602 751 1644 est

331 1676 354 1716 et
367 1686 440 1716 massa
452 1672 562 1716 bonorum
576 1673 750 1716 Christianorum

332 1747 413 1800 18,(12.

302 1817 394 1859 Maximi
406 1818 524 1860 Taurinen.
535 1828 608 1860 sermo
619 1816 752 1861 1111110011-

332 1889 461 1943 ierbytanos
479 1890 524 1932 X¹¹⁵2
547 1890 641 1932 Praetat.
660 1890 695 1933 lv.

301 1962 414 2004 Maximus
439 1962 537 2004 medicus
562 1961 698 2004 Thenitanus
724 1974 751 2004 ex

333 2034 500 2077 Eunomianista
508 2033 645 2077 Catholicus:
658 2033 751 2078 Praeiat.

331 2108 388 2151 XVI.

302 2180 388 2223 medico
399 2181 500 2223 inimicus
511 2182 551 2235 est,
563 2181 599 2236 qui
610 2179 688 2223 morbo
699 2181 751 2222 ami·

331 2264 370 2294 cus
390 2254 423 2295 est
442 2253 525 2306 9,102;
547 2251 589 2294 hoc
607 2251 659 2294 iacit
677 2251 753 2294 Domi-

332 2337 373 2367 nus
397 2326 419 2367 in
441 2324 598 2367 ualitudinibus
623 2325 750 2378 animarum,

332 2397 393 2451 quod
407 2397 486 2440 medici
499 2398 521 2439 in
536 2396 691 2439 ualitudinibus
705 2409 751 2438 eor-

331 2481 410 2523 porum
434 2470 466 2523 17,
490 2470 527 2520 113
549 2469 646 2511 medicus
669 2471 749 2521 noster,

331 2540 432 2583 Christus
455 2542 474 2593 9,
492 2542 544 2591 105,
566 2541 600 2592 32,
618 2541 750 2583 16.168ss.

331 2615 413 2664 277ss;
431 2612 450 2654 A
460 2614 479 2667 7,
490 2613 523 2655 44.

301 2686 398 2729 mendax
415 2687 448 2729 est
465 2687 537 2728 omnis
554 2685 627 2739 homo,
645 2684 751 2740 quamdiu

331 2771 376 2801 non
389 2758 474 2801 exuerit
486 2758 557 2800 Adam
570 2759 603 2812 19,
615 2759 649 2800 43,

300 2830 438 2873 mendicatur
460 2830 544 2883 meiius,
566 2841 630 2883 quam
653 2829 681 2872 de
703 2828 750 2871 iuli·

330 2904 373 2945 cito
387 2902 475 2944 uiuatur
488 2902 580 2955 33170.

300 2975 447 3019 mendicitatis
462 2976 550 3018 nostrae
566 2974 619 3017 ceila
634 2974 653 3015 A
667 2976 687 3028 9,
702 2974 749 3016 211.

301 3061 363 3092 mens
375 3048 445 3091 oculis
457 3049 529 3091 carior
539 3049 573 3102 20,
585 3049 612 3090 62
619 3053 648 3091 ss.

300 3122 423 3166 mercedem
444 3133 488 3176 qua
507 3121 580 3164 fronte
600 3121 692 3176 quaeris,
713 3121 749 3174 qui

330 3207 388 3249 opus
401 3194 507 3237 recusas?
519 3194 538 3236 si
552 3206 596 3236 non
609 3195 707 3248 potueris
718 3193 750 3235 di·

330 3280 379 3310 cere
398 3266 494 3320 Christo,
514 3267 563 3309 Feci
582 3266 642 3320 quod
660 3266 748 3318 iussisti,

330 3339 444 3393 quomodo
465 3338 556 3381 audebis
575 3338 653 3391 dicere,
673 3337 749 3383 Redde

331 3410 391 3465 quod
407 3410 544 3465 promisisti?
560 3410 593 3463 12,
611 3411 651 3451 148
657 3422 663 3460 3
679 3409 698 3451 si
713 3409 750 3451 aii·

299 3517 353 3570 236

822 1459 916 1501 animam
933 1471 995 1502 suam
1011 1471 1051 1513 pro
1067 1458 1141 1502 multis
1156 1460 1190 1512 32,
1205 1458 1238 1501 86.

791 1531 896 1574 miscendi
905 1531 1001 1574 infantes
1011 1530 1094 1585 populo
1106 1530 1147 1572 Dei
1158 1531 1190 1584 18,
1199 1530 1238 1572 45:

822 1603 849 1647 ci.
862 1603 958 1647 maetas.
971 1603 1054 1654 XViit;
1068 1615 1110 1645 nos
1124 1602 1173 1645 Deo
1185 1602 1239 1644 mix·

820 1678 855 1718 tos
885 1675 1025 1730 agnoscimus
1048 1675 1068 1716 A
1091 1675 1110 1729 2,
1124 1675 1148 1724 53
1178 1674 1239 1716 lesus

821 1747 928 1801 Christus,
945 1746 1012 1789 homo
1030 1746 1079 1789 Deo
1097 1745 1184 1798 mixtus,
1202 1746 1238 1799 qui

821 1820 934 1863 ecclesiam
950 1820 972 1862 in
987 1819 1107 1873 semetipso
1124 1817 1173 1860 Deo
1188 1818 1239 1859 mis-

822 1894 880 1935 ceret
891 1891 910 1933 A
920 1893 938 1946 2,
950 1893 969 1934 8.
981 1892 1019 1942 23;
1029 1890 1118 1932 Christo
1128 1888 1238 1932 credendo

822 1964 937 2007 miscemur
954 1963 973 2005 A
989 1965 1008 2017 2,
1025 1963 1058 2005 81.

792 2036 939 2079 misericordia
953 2036 1052 2078 miseriae
1067 2035 1190 2077 necessaria
1205 2035 1239 2077 est

822 2109 854 2162 29,
869 2109 902 2151 57.

792 2180 869 2223 morbo
886 2180 974 2234 amicus,
989 2178 1088 2222 inimicus
1104 2179 1138 2221 est
1153 2176 1238 2220 medico

820 2254 902 2307 9,102,

791 2325 846 2367 111ο11
866 2327 888 2368 et
906 2325 971 2378 nasci,
991 2323 1033 2366 hoc
1052 2322 1150 2365 abundat
1167 2323 1188 2364 in
1207 2335 1239 2365 re·

821 2398 888 2451 gione
906 2397 981 2438 nostra
996 2397 1016 2449 9,
1033 2397 1058 2446 9;
1076 2395 1193 2448 12,19ss;
1211 2393 1238 2435 ad

822 2468 864 2511 hoc
877 2468 921 2510 nati
934 2478 1016 2520 sumus,
1030 2467 1054 2509 ut
1066 2466 1196 2516 moriamur;
1208 2465 1238 2506 ni-

821 2539 851 2581 hil
861 2538 943 2581 homini
953 2541 997 2581 tam
1008 2539 1098 2591 certum,
1106 2549 1171 2591 quam
1179 2546 1238 2578 mors

822 2613 854 2666 12,
883 2612 934 2662 113;
961 2623 1020 2653 mors
1047 2609 1131 2652 diiterri
1158 2609 1238 2663 potest,

821 2683 900 2727 auierri
920 2695 964 2726 non
983 2684 1057 2737 potest
1077 2682 1175 2736 33,125;
1195 2692 1239 2721 non

821 2758 855 2799 est
877 2754 904 2798 ad
924 2756 991 2797 uitam
1013 2766 1056 2809 qua
1077 2757 1178 2797 transeas
1197 2752 1238 2794 nisi

819 2840 859 2883 per
887 2828 978 2870 mortem
1000 2827 1097 2880 33,127;
1123 2826 1145 2867 et
1173 2836 1239 2866 nemo

820 2902 868 2944 uult
880 2901 935 2943 mori
945 2901 980 2954 12,
994 2901 1032 2950 65;
1045 2900 1078 2951 31,
1092 2899 1125 2941 11.
1138 2899 1171 2939 26.
1186 2898 1238 2948 ro5;

820 2987 848 3016 ne
866 2974 921 3016 mori
937 2974 1069 3025 timeremus,
1088 2974 1187 3014 mortuus
1204 2971 1238 3012 est

821 3046 921 3088 Christus
933 3046 1011 3099 12,93;
1024 3055 1121 3086 amarum
1134 3042 1239 3097 poculum

819 3118 895 3161 mortis
905 3117 978 3160 bibere
989 3129 1016 3159 ne
1023 3115 1142 3169 dubitares,
1150 3115 1240 3168 propter

820 3193 842 3234 te
854 3190 909 3233 bibit
921 3190 1018 3233 medicus
1030 3191 1064 3242 30,
1077 3189 1101 3230 41
1111 3202 1116 3240 ;
1127 3187 1161 3230 bis
1173 3187 1238 3229 mori·

819 3268 861 3317 tur,
879 3263 916 3318 qui
934 3262 1027 3305 animam
1046 3273 1108 3304 suam
1126 3259 1197 3314 perdit
1213 3259 1238 3300 ti·

820 3335 973 3379 mendomori
988 3346 1028 3389 pro
1045 3333 1134 3375 Christo
1151 3333 1184 3386 26,
1200 3332 1237 3382 19;

820 3409 854 3451 uis
867 3419 912 3450 non
924 3407 1000 3449 timere
1013 3405 1123 3448 mortem?
1135 3415 1175 3458 pro
1188 3403 1237 3446 Deo
