2819 4040
168 2147 203 2184 Nec,
214 2156 248 2177 curn
259 2148 285 2178 de-

154 2196 216 2232 scendil,
233 2196 299 2226 deseruit

154 2244 217 2280 Patrem,
224 2252 256 2279 nee,
264 2252 298 2274 curn

153 2293 225 2328 ascendii,
238 2297 300 2322 recessit

189 2349 198 2370 a
208 2341 258 2372 nohis.

261 2486 296 2524 'ill

643 325 661 364 S.
675 326 780 374 Augustini
793 327 885 365 tractatus

313 452 399 504 strum
417 465 479 503 eum
497 452 612 517 tangere
631 451 744 518 potest?
768 451 804 504 Et
822 454 913 505 tamen
931 465 982 504 uae
1002 448 1092 517 nobis,
1112 451 1164 504 nisi
1184 465 1277 504 curnis

313 534 372 587 iide
392 536 547 602 tangamus
575 532 682 587 Omnes
703 537 853 603 tangimus,
873 537 918 604 qui
939 534 1084 588 credimus.
1113 534 1196 589 Certe
1218 536 1245 589 in

312 619 388 672 caelo
402 620 452 686 est,
466 622 539 673 certe
554 619 637 687 longe
651 621 700 686 est,
714 622 787 674 certe
801 622 951 675 existimari
965 637 1020 674 non
1035 622 1128 688 potest
1142 623 1246 689 quanto

312 703 458 757 interuallo
474 706 628 771 spatiorum
638 705 730 758 <distat
745 721 761 757 a
775 706 866 760 nobis.
888 706 987 772 Crede,
1003 707 1030 758 et
1044 706 1145 773 tangis,
1168 704 1246 768 Quid

311 787 409 854 dicam,
427 789 540 855 tangis?
565 788 639 855 ¹Quia
657 790 756 856 crediS,
776 792 851 857 apud
870 795 896 845 te
915 791 999 845 habes
1018 791 1053 843 de
1072 805 1128 858 quo
1146 789 1244 845 credis.

312 870 388 938 Ergo
396 874 422 924 si
432 872 544 925 credere
554 875 668 940 tangere
679 876 729 939 est,
742 875 826 928 immo
837 877 860 928 si
871 879 984 943 tangere
993 874 1105 927 credere
1116 877 1166 940 est,
1177 874 1244 942 quid
1252 884 1277 922 50

311 955 364 1008 sibi
376 957 445 1023 uult,
461 956 527 1010 Noli
543 974 586 1011 me
599 960 722 1025 tangere,
737 959 861 1012 nondum
876 962 948 1013 enim
962 958 1074 1013 ascendi
1088 958 1125 1012 ad
1139 961 1244 1026 patrem

311 1041 419 1094 meum?
439 1041 507 1108 quid
520 1044 563 1095 est
576 1041 647 1095 hoc?
666 1040 745 1108 Quid
759 1046 869 1110 quaeris
882 1060 990 1098 carnem
1004 1059 1101 1110 meam,
1116 1044 1162 1111 qui
1176 1059 1244 1097 non-

310 1123 376 1177 dum
397 1126 537 1193 intellegis
557 1127 731 1180 diuinitatem
753 1128 861 1181 meam?
886 1128 976 1182 Vultis
998 1143 1081 1181 nosse
1102 1127 1244 1195 quomodo

309 1208 422 1262 uolebat
445 1212 561 1278 tangere
584 1210 682 1264 mulier
706 1212 779 1265 ista?
808 1210 968 1277 Quaerebat
993 1214 1071 1280 quasi
1096 1213 1243 1279 mortuum,

310 1309 389 1361 quem
413 1298 628 1349 resurrecturum
651 1311 707 1348 non
730 1296 869 1350 credebat.
899 1296 1056 1350 Tulerunt
1079 1297 1241 1350 dominum
1251 1305 1275 1343 ⁵5

309 1394 408 1432 meum
423 1380 461 1433 de
477 1383 692 1445 monumento;
711 1383 739 1433 et
753 1381 862 1448 plangit
877 1383 955 1449 quasi
971 1383 1119 1436 hominem.
1141 1379 1168 1435 O
1182 1383 1241 1434 tan-

308 1464 384 1531 gere!
400 1463 476 1531 ,Quia
488 1481 555 1533 ergo
568 1464 683 1518 uidebat
695 1481 756 1518 eam
769 1467 839 1518 circa
853 1465 971 1519 formam
985 1466 1057 1519 serui
1070 1468 1240 1533 occupatam,

309 1548 430 1601 formam
445 1549 498 1615 dei,
514 1564 567 1617 qua
582 1549 705 1616 aequalis
721 1551 763 1602 est
777 1550 858 1616 patri,
874 1565 922 1602 nec
937 1565 1042 1617 sapere,
1058 1565 1107 1602 nec
1121 1548 1240 1615 credere,

309 1648 358 1685 nec
377 1633 537 1700 intellegere
555 1635 680 1699 nouerat,
699 1631 801 1685 differt
818 1635 929 1700 tactum,
948 1636 978 1685 ut
996 1633 1111 1701 impleat
1128 1634 1240 1686 tactum.

309 1715 376 1769 Noli
393 1732 444 1783 me,
461 1717 566 1784 inquid,
582 1718 705 1783 tangere,
723 1716 847 1769 nondum
864 1719 936 1770 enim
953 1715 1065 1770 ascendi
1082 1717 1118 1770 ad
1135 1720 1240 1785 patrem
1249 1728 1274 1766 oo

308 1816 406 1855 meum.
435 1801 540 1868 Tangis
562 1817 605 1853 me
628 1803 774 1867 antequam
798 1801 944 1854 ascendam
968 1800 1003 1853 ad
1025 1802 1140 1867 patrem,
1164 1802 1240 1853 etin

308 1884 371 1937 solo
390 1884 501 1938 homine
518 1885 620 1938 credis:
647 1885 713 1952 quid
733 1885 783 1937 tibi
804 1884 927 1951 prodest,
947 1884 1022 1952 quod
1041 1883 1150 1938 credis?
1175 1882 1240 1938 Sine

308 1983 375 2035 ergo
400 1969 546 2022 ascendam
569 1969 605 2021 ad
629 1971 744 2035 patrem.
776 1967 859 2021 Unde
883 1983 1030 2035 numquam
1054 1970 1164 2034 recessi,
1188 1968 1239 2029 tibi

308 2053 437 2120 ascendo,
456 2056 479 2106 si
496 2052 648 2106 credideris
667 2052 810 2119 aequalem
828 2054 908 2120 patri.
934 2052 998 2105 Non
1017 2053 1091 2105 enim
1109 2053 1239 2106 dominus

307 2140 402 2190 noster
425 2136 502 2191 lesus
523 2136 652 2190 Christus
675 2138 714 2189 sic
736 2136 880 2189 descendit
903 2153 918 2189 a
940 2139 1025 2203 patre,
1048 2138 1079 2189 ut
1099 2136 1272 2189 desereretis

307 2223 424 2288 patrem:
438 2218 510 2288 quia,
523 2223 550 2273 et
563 2219 638 2288 quod
651 2220 776 2273 ascendii
792 2220 910 2287 anobis,
924 2236 979 2273 non
992 2221 1106 2274 recessit
1121 2220 1239 2274 anobis.

306 2305 478 2359 Ascensurus
490 2306 563 2358 enim
574 2307 601 2358 ei
611 2320 739 2358 sessurus
751 2305 787 2357 ad
799 2305 940 2357 dexteram
952 2306 1046 2372 patris,
1058 2320 1143 2373 porro
1155 2304 1238 2371 longe

307 2391 345 2442 ait
365 2389 520 2456 discipulis:
547 2389 626 2443 Ecce
645 2405 704 2456 ego
724 2389 890 2442 uobiscum
910 2404 976 2441 sum
995 2403 1095 2456 usque
1116 2389 1146 2441 in
1165 2404 1238 2442 con-

306 2475 549 2527 summationem
565 2469 717 2543 saeculi}

330 2735 333 2740 ,
370 2693 379 2733 i
398 2691 455 2733 llide
472 2690 565 2736 Prasiai.
583 2692 611 2734 ad
628 2704 649 2735 n.
666 2691 741 2734 XLlV.
771 2691 881 2745 inscriptio
899 2703 926 2733 ex
943 2703 969 2733 ea
986 2701 1041 2745 quae
1058 2691 1081 2733 in
1098 2690 1144 2733 line
1160 2689 1239 2744 legitur

304 2764 402 2817 repetita.
438 2765 450 2804 2
465 2763 704 2808 commemoramini
720 2764 747 2805 G.
782 2762 850 2817 quod
866 2764 935 2805 om'ni
950 2774 1015 2805 anno
1031 2763 1124 2806 soletis
1140 2761 1238 2815 audire]

303 2837 343 2880 ie.
360 2836 389 2878 de
405 2835 478 2878 uerbis
495 2835 603 2892 euangelii
619 2836 678 2890 ,Noli
695 2848 730 2878 me
745 2835 852 2891 tangere‘,
869 2835 897 2878 de
913 2834 992 2889 quihus
1009 2836 1031 2878 et
1046 2834 1068 2877 in
1084 2834 1209 2886 Serm246,
1220 2835 1237 2882 ,3

305 2908 452 2961 Augustinus:
471 2907 579 2961 ,Solemus
597 2909 668 2961 uoltis,
688 2908 763 2962 inquit,
782 2908 832 2951 inde
850 2908 910 2950 omni
930 2920 987 2950 anno
1005 2907 1081 2965 loqui!
1112 2906 1238 2964 8m0uet1

303 2982 392 3024 monet
408 2981 435 3024 G.
472 2981 498 3022 12
514 2980 603 3034 meum}
621 2980 667 3023 ioht
684 2982 718 3034 20,
735 2981 768 3027 17,
803 2982 829 3023 15
844 2980 941 3034 uidete]
959 2979 1008 3023 [uc.
1024 2981 1058 3032 24,
1075 2981 1110 3022 39.
1146 2979 1238 3021 Ionon

300 3051 366 3093 enim
378 3052 512 3105 quisquam
523 3050 607 3093 dicere
616 3051 722 3104 audiuit]
732 3063 772 3105 pro
781 3050 900 3093 audebit?
911 3049 1081 3092 cilnlohtraci.
1090 3049 1238 3101 l2i,3:,Quis

303 3126 375 3168 autern
392 3128 436 3169 tam
454 3125 482 3167 sit
498 3124 612 3178 absurdus,
629 3126 653 3167 ut
669 3124 726 3168 dicat
742 3136 791 3167 eum
809 3123 945 3179 adiscipulis
961 3123 1056 3178 quidem,
1073 3124 1194 3177 antequam*
1210 3122 1237 3164 ad

302 3199 385 3251 patrem
404 3196 546 3249 ascendisset,
565 3196 661 3239 uoluisse
681 3209 705 3239 se
722 3197 790 3250 tangi,
810 3196 961 3239 amulieribus
980 3197 1052 3239 autem
1070 3194 1174 3246 noluisse,
1193 3193 1237 3237 nisi

301 3281 350 3312 cum
367 3269 502 3312 ascendisset
519 3269 546 3311 ad
563 3270 671 3323 patrem?‘
695 3270 721 3311 18
737 3268 855 3313 seruabit
872 3268 899 3313 G.
928 3269 955 3311 25
971 3266 1167 3326 persequeris?l
1187 3266 1235 3310 ilci.

301 3343 320 3395 9,
334 3343 353 3386 4.
381 3343 408 3385 29
424 3341 535 3395 lecistis]
552 3341 630 3386 manin
647 3343 679 3395 25,
695 3343 733 3393 40;
750 3354 806 3396 quae
822 3341 868 3384 loca
882 3341 912 3384 de
926 3340 1006 3384 eodem
1020 3341 1151 3394 argumento
1166 3338 1234 3381 ambo

301 3415 381 3468 pariter
393 3418 526 3469 usurpantur
539 3415 561 3456 in
575 3413 698 3465 Serm.239,
709 3416 729 3458 7.
750 3415 777 3457 36
790 3412 902 3468 tetigit?]
916 3414 965 3457 Luc.
974 3414 992 3468 8,
1000 3414 1033 3455 45.
1060 3412 1189 3455 ammirati
1203 3411 1234 3464 G;

300 3525 334 3578 52
