2819 4040
641 371 660 409 S.
674 370 779 419 Augustini
792 369 884 408 tractatus

309 506 336 556 et
350 505 412 555 tene
427 499 598 553 morientem.
621 494 677 549 Pro
691 497 771 548 tanto
787 494 925 562 promisso
941 490 1041 558 pignus
1056 485 1151 552 habes,
1166 483 1242 552 quod

308 586 359 639 tibi
370 583 500 652 promisit
511 581 652 636 Christus:
664 578 741 647 quod
752 579 820 633 iecit
830 578 923 645 hodie,
935 574 1059 629 ascensio
1071 572 1169 638 ipsius,
1179 585 1242 637 pro-

308 670 406 722 missio
418 670 461 721 est
471 666 531 720 tibi.
549 665 666 733 Sperare
678 662 812 716 debemus
825 662 1026 717 resurrecturos
1038 671 1099 722 nos,
1111 656 1139 708 et
1150 669 1243 707 ascen·
1251 663 1276 702 90

265 767 300 804 aar
308 769 390 806 suros
406 752 443 805 ad
458 740 573 818 regnum
589 749 644 815 dei,
661 750 688 801 et
704 747 743 800 ibi
759 741 821 800 cum
837 748 892 801 deo
906 758 1015 811 semper
1031 740 1150 806 tuturos
1165 735 1170 809 Ι
1183 739 1242 808 sine

170 854 242 906 uacuum
252 859 287 889 nro·
308 838 367 891 tine
379 839 511 903 uicturos
523 836 583 888 sine
595 833 653 887 ulla
665 832 778 885 tristitia
791 832 951 894 laetaturos,
970 829 1029 881 sine
1042 825 1171 879 molestia
1182 840 1242 892 per-

163 897 295 984 {ssr'ffiinacpissiit
308 936 463 975 mansuros.
479 919 520 972 lbi
531 935 587 971 non
595 917 646 970 tihi
657 917 772 983 dicetur,
781 915 860 969 Caue
871 917 982 981 malum,
993 911 1051 978 sed,
1059 910 1243 964 tenebonum.

175 994 242 1024 ΜΟ
251 996 278 1024 ‘⁵¹'
307 1006 443 1073 Nlagnum
457 1006 499 1057 est
512 1002 588 1071 quod
601 1002 782 1069 promittitur:
797 1001 910 1068 quando
924 999 977 1053 sibi
990 996 1103 1050 auderet
1115 994 1167 1047 hoc
1180 1009 1242 1061 pro·

307 1091 416 1143 mittere
432 1088 531 1142 timida
547 1089 575 1140 et
591 1085 719 1139 inbecilla
736 1085 912 1139 mortalitas?
929 1081 1041 1152 quando
1058 1079 1111 1133 sibi
1128 1077 1241 1132 auderet
1250 1086 1275 1124 9⁵

307 1174 439 1242 pollicere
456 1174 509 1226 ista
525 1170 664 1239 putredo?
679 1169 862 1222 considerans
877 1169 946 1236 quid
962 1169 1043 1233 esset,
1060 1162 1172 1232 quando
1189 1161 1243 1215 sibi

307 1260 361 1311 ista
375 1257 569 1326 promitteret?
583 1255 715 1308 Promisit
729 1254 777 1306 illa
792 1254 870 1307 deus,
893 1253 932 1306 Ut
946 1251 1051 1317 credas,
1066 1248 1162 1315 inquit,
1177 1247 1242 1314 quia

307 1343 441 1396 ascendes
450 1340 483 1394 ad
493 1358 544 1409 me,
557 1342 633 1409 prius
646 1338 786 1392 descendo
799 1338 835 1391 ad
846 1340 889 1403 tea
899 1340 926 1391 et
937 1338 968 1390 ut
979 1335 1076 1389 credas
1088 1333 1152 1401 quia
1163 1331 1242 1385 uiues

306 1428 341 1481 de
357 1444 409 1495 me,
425 1429 502 1496 prius
517 1426 621 1479 morior
636 1440 687 1492 pro
702 1426 738 1477 te.

368 1580 378 1621 1
395 1579 454 1624 llide
468 1577 558 1633 praefat.
573 1575 602 1618 ad
618 1589 638 1618 n.
655 1575 698 1617 LV.
721 1573 828 1627 DOMlNi]
845 1573 880 1615 hic
894 1584 984 1627 quoque
999 1570 1168 1624 inscriptionem,
1185 1579 1241 1624 quae

307 1652 335 1695 ad
346 1651 427 1694 calcem
437 1651 523 1705 legitur,
535 1650 556 1692 in
567 1649 640 1693 ironte
649 1648 773 1704 praeposui.
798 1648 812 1688 7
824 1648 962 1689 exortatur
977 1643 1116 1698 apostolos
1128 1642 1155 1684 G.
1179 1643 1192 1684 8
1205 1653 1243 1683 re·

307 1724 378 1778 surr]
391 1725 413 1767 in
424 1734 540 1766 consurr.
552 1724 609 1777 post.
621 1722 669 1764 sine
679 1730 747 1764 causa
757 1722 811 1764 mut.
851 1719 879 1761 10
893 1729 970 1773 super
984 1715 1083 1768 terram]
1098 1713 1147 1757 Col.
1158 1714 1178 1765 3,
1194 1714 1212 1754 1.
1223 1715 1243 1754 2.

307 1798 335 1839 23
347 1796 434 1850 corde}
447 1807 521 1850 quam
536 1795 584 1835 ante
596 1796 713 1849 expuncto.
744 1794 771 1835 25
782 1791 837 1846 usu]
848 1792 904 1835 min
915 1791 1027 1838 fineeras
1057 1789 1084 1830 26
1093 1786 1244 1841 *euigilabit

306 1871 334 1912 30
345 1869 432 1923 seruo]
444 1868 493 1910 Gal.
505 1869 524 1920 4,
540 1868 558 1908 1.
602 1868 744 1922 'siquando
763 1865 855 1914 uulnus,
901 1862 973 1916 aoetl
985 1864 1042 1916 post.
1054 1872 1169 1916 perperam
1180 1858 1244 1902 delet.

306 1942 621 1996 auaroslexauaruscorr.
664 1941 767 1983 39atte.
806 1939 833 1980 45
849 1936 971 1980 menbris.
1013 1934 1171 1977 65ex0rtor.
1215 1932 1243 1973 73

307 2014 399 2056 oculis.
437 2015 464 2056 78
481 2013 582 2057 benust.
624 2014 652 2055 80
670 2010 829 2055 acclamando.
866 2010 891 2051 81
911 2007 980 2051 unde
997 2006 1127 2062 elegistis.
1171 2004 1241 2047 82in

305 2086 423 2140 uerbum]
443 2097 483 2140 pro
500 2086 526 2128 in
546 2084 643 2128 uerbo?
673 2086 756 2128 90-92
774 2083 970 2126 resurrecturus
1038 2088 1243 2121 ascensurus...

304 2160 410 2205 iuturus
423 2194 428 2203 .
443 2192 447 2202 .
462 2192 467 2202 .
480 2161 599 2202 uicturus
613 2190 617 2200 .
632 2194 637 2204 .
651 2193 656 2206 ,
669 2157 821 2203 laetaturus.
869 2156 903 2198 04.
917 2154 944 2197 95
960 2152 1069 2196 audiret.

593 2360 668 2432 DE
693 2361 942 2435 QUADRA-

311 2465 529 2540 GESIMA
557 2467 936 2539 ASCENSIONIS
964 2468 1156 2541 DOMINI
1180 2473 1221 2541 ll.

310 2613 602 2704 (Q'lorificatio
614 2614 721 2667 domini
734 2617 822 2667 nostri
837 2615 898 2668 lesu
911 2614 1016 2669 Christi
1029 2616 1200 2682 resurgendo
1212 2618 1240 2669 et

332 2680 399 2789 <is
461 2698 637 2751 ascendendo
657 2699 795 2766 completa
814 2702 864 2753 est.
892 2698 1130 2756 Resurrectionem
1150 2702 1238 2768 ipsius

330 2739 417 2884 fvii
461 2781 1145 2837 Paschaedominicocelebrauimuszascensionem
1154 2784 1237 2837 hodie

345 2854 444 2916 {AS
461 2867 639 2921 celebramus,
661 2867 760 2921 festus
773 2868 855 2921 nobis
868 2868 928 2921 dies
941 2870 1064 2934 uterque.
1085 2867 1153 2921 Ideo
1166 2870 1258 2921 enims

302 2953 461 3019 resurrexit,
478 2954 509 3004 ut
525 2952 606 3005 nobis
623 2953 779 3020 exemplum
797 2953 1005 3006 resurrectionis
1022 2953 1194 3018 ostenderet;
1211 2956 1238 3006 et

303 3037 368 3090 ideo
391 3036 525 3102 ascendit,
545 3039 575 3089 ut
595 3053 647 3090 nos
668 3037 789 3104 desuper
810 3039 976 3105 protegeret.
1004 3037 1149 3090 Habemus
1170 3053 1237 3105 ergo

302 3122 448 3175 dominum
461 3123 489 3174 et
501 3120 667 3174 saluatorem
681 3125 807 3175 nostrum
823 3122 913 3175 lesum
927 3121 1070 3176 Christum
1083 3123 1161 3188 prius
1173 3138 1238 3189 pen-

223 3215 256 3253 for.
270 3217 294 3254 93
302 3207 414 3259 dentem
425 3201 475 3276 ltin
489 3205 575 3271 lign0‚
588 3221 658 3258 nunc
672 3206 815 3259 sedentem
829 3206 956 3259 incaelo.
977 3204 1098 3258 Pretium
1112 3207 1236 3258 nostrum

302 3292 389 3359 dedit,
404 3307 466 3345 cum
481 3290 613 3358 penderet
628 3293 655 3344 in
671 3292 760 3359 lign03
775 3292 889 3359 collegit
904 3291 979 3360 quod
994 3292 1067 3357 emit,
1083 3306 1143 3344 cum
1159 3291 1237 3344 sedet
1246 3303 1269 3341 10

302 3377 329 3428 in
345 3376 432 3430 caelo,
455 3374 527 3429 Cum
543 3376 615 3427 enim
631 3391 726 3428 omnes
742 3375 894 3442 collegerit,
911 3390 981 3443 quos
996 3375 1091 3441 utique
1107 3390 1155 3441 per
1170 3375 1236 3429 tem-

302 3476 371 3527 pora
385 3460 507 3528 collegit,
522 3459 549 3511 in
564 3458 622 3511 fine
636 3460 769 3527 temporis
783 3461 884 3526 ueniet,
899 3461 934 3525 et,
950 3457 1091 3525 quomodo
1106 3460 1236 3525 scriptum

302 3579 336 3631 76
