2819 4040
308 433 384 507 DE
405 432 635 506 NATALE
652 435 1006 509 SANCTORUM

210 539 639 614 ADOSTOLORUM
661 542 824 614 DETDI
844 542 916 613 ET
933 540 1101 614 PAULI

336 668 511 736 postolorum
530 668 624 734 passio
642 669 785 723 beatorum
804 672 886 722 istum
905 669 986 722 nobis
1005 668 1125 721 sacrauit

345 753 430 804 diem:
458 753 539 803 istam
557 751 674 818 gloriam
694 757 851 807 meruerunt
871 770 919 821 per
938 755 1026 806 totum
1046 767 1123 805 mun-

188 665 332 982 Q
345 837 419 902 dum,
433 836 636 888 contemnendo
649 839 787 891 mundum.
809 838 916 903 Petrus,
931 837 1122 904 apostolorum

170 935 181 970 5

346 923 462 988 primus:
482 919 594 987 Paulus,
606 924 797 988 apostolorum
809 923 986 975 nouissimus,
1000 921 1121 975 Primum
1141 928 1269 1007 'fjffisssspgssssffgt

190 1007 217 1057 et
235 1006 417 1058 nouissimum
435 1005 471 1057 ad
488 1020 572 1057 unum
590 1007 662 1059 diem
681 1009 819 1074 passionis
838 1006 954 1059 adduxit
971 1009 1075 1073 primus
1096 1009 1123 1060 et
1138 987 1271 1056 valramus}-

191 1090 360 1142 nouissimus
390 1089 527 1142 Christus¹
557 1090 596 1142 Ut
624 1093 750 1145 recolatis
781 1093 856 1159 quod
885 1092 950 1157 dixi,
980 1093 1122 1145 adtendite
1182 1084 1215 1105 ”¹¹¹⁵

191 1173 273 1240 alpha
289 1176 316 1225 et
331 1190 356 1225 o.
385 1172 488 1241 Aperte
504 1176 564 1241 ipse
579 1175 708 1229 dominus
730 1177 797 1228 dicit
813 1178 840 1228 in
856 1174 1036 1241 Apocalypsi:
1054 1175 1122 1243 Ego

191 1273 257 1308 sum
276 1257 371 1325 alpha
389 1260 465 1310 eto:
490 1260 619 1326 primuS,
639 1263 701 1313 ante
720 1275 800 1328 quern
819 1273 912 1311 nemo:
937 1260 966 1310 et
984 1260 1122 1311 nouissi-

159 1352 265 1405 tomus¹
281 1342 346 1407 post
360 1356 439 1407 quem
454 1357 546 1395 nemo:
567 1345 734 1409 praecedens
749 1344 851 1407 omnia,
866 1341 1006 1394 deliniens
1020 1342 1121 1394 omnia.

191 1422 313 1475 Primum
330 1425 373 1476 uis
391 1426 509 1478 intueri?
532 1424 646 1479 Omnia
663 1443 719 1493 per
736 1429 839 1494 ipsum
857 1425 943 1477 facta
961 1427 1041 1477 sunt.
1066 1424 1122 1477 No-

190 1510 334 1561 uissimum
352 1511 480 1576 quaeris?
504 1510 592 1563 Finis
609 1513 690 1564 enim
707 1512 790 1577 legis
808 1508 960 1562 Christus
977 1509 1016 1560 ad
1032 1510 1122 1561 iusti-

190 1593 266 1644 tiam
280 1595 364 1645 omni
377 1593 528 1646 credenti.
550 1594 589 1647 Ut
601 1595 753 1661 aliquando
766 1594 885 1657 uiueres
899 1593 989 1658 ipsum
1002 1590 1123 1642 habuisti

189 1678 352 1742 creatorem3
374 1679 404 1729 ut
421 1693 529 1744 semper
546 1679 634 1743 uiuas,
653 1680 744 1744 ipsum
762 1676 848 1728 habes
867 1675 1058 1727 redemtorem.
1082 1673 1124 1727 ln·

158 1777 180 1814 15
189 1761 322 1827 tueamur,
335 1762 478 1828 carissimi,
492 1763 582 1828 ipsum
595 1764 714 1829 primum
728 1760 921 1827 apostolorum
934 1759 1123 1812 beatissimum

191 1843 301 1897 Petrum
326 1846 462 1898 dicentem
486 1847 512 1897 in
538 1847 657 1912 epistola
682 1862 743 1898 sua:
772 1843 923 1897 Christus
948 1860 1005 1911 pro
1030 1844 1124 1896 nohis

190 1944 304 1995 passus
324 1932 383 1995 est,
402 1929 587 1996 relinquens
608 1929 702 1981 nobis
722 1927 912 1995 exemplum,
932 1929 966 1980 ut
984 1928 1124 1995 uestigia

189 2014 257 2066 eius
278 2029 454 2080 sequamur.
481 2012 608 2080 Denique
628 2013 755 2079 audistis,
776 2028 836 2064 cum
857 2011 1031 2078 euangelium
1051 2012 1123 2078 lege-

189 2100 270 2164 retur,
299 2096 437 2164 Sequere
462 2114 516 2151 me.
552 2097 739 2164 interrogauit
766 2111 836 2162 eum,
865 2094 994 2148 Christus
1020 2095 1123 2146 scilicet
1153 2112 1254 2175 reconem

157 2194 181 2230 20
190 2180 310 2248 Petrum,
337 2183 470 2248 magister
494 2182 670 2248 discipulum,
698 2181 828 2233 dominus
855 2196 973 2247 seruum,
1001 2180 1122 2234 medicus
1138 2160 1269 2243 Ettq}·⁵{,2l·‘¹‘

190 2268 324 2332 sanatum,
345 2267 372 2318 et
390 2266 429 2318 ait
447 2266 499 2318 illi:
527 2264 631 2331 Petre,
657 2263 757 2332 diligis
785 2266 850 2318 me?
876 2264 912 2317 Et
931 2264 1007 2332 quod
1026 2265 1122 2331 nostiS,

189 2366 245 2402 non
266 2351 357 2402 autem
377 2352 484 2402 tantum
504 2350 583 2416 dixit,
607 2349 728 2416 Diligis
750 2350 816 2403 me?
842 2350 892 2402 sed
913 2348 1030 2415 addidit,
1051 2350 1123 2415 plus

188 2433 246 2487 his.
275 2432 377 2500 Diligis
397 2450 440 2486 me
460 2433 523 2500 plus
543 2433 594 2500 liis,
616 2434 678 2500 plus
699 2448 781 2500 quam
801 2423 866 2486 is‘ti?
893 2432 958 2486 Nou
978 2434 1124 2500 respondit

190 2518 244 2583 ille,
265 2516 362 2584 Diligo
380 2520 407 2570 te
426 2519 489 2585 plus
509 2534 591 2585 quam
610 2518 668 2570 isti:
694 2513 769 2587 nonll
781 2519 853 2569 enim
872 2519 932 2569 erat
949 2517 1069 2570 hominis
1089 2517 1164 2569 detor.
1181 2532 1214 2568 nr

157 2615 180 2651 25
189 2602 286 2654 alienis
304 2602 436 2654 cordibus
454 2603 587 2667 iudicare3
609 2602 659 2655 sed
677 2602 849 2668 respondens
869 2602 915 2667 ait,
935 2600 1071 2654 Domine
1091 2604 1123 2653 tu

189 2687 252 2737 scis
275 2687 348 2752 quia
368 2702 438 2739 amo
460 2689 497 2740 te.
525 2685 604 2752 Quid
627 2688 735 2753 quaeris
757 2703 790 2738 ex
811 2702 862 2751 me,
885 2686 961 2753 quod
983 2686 1073 2738 fecisti
1096 2686 1122 2737 in

190 2771 251 2823 me?
273 2769 316 2822 Tu
334 2771 388 2822 scis
408 2770 484 2836 quod
503 2771 618 2823 dedisti:
645 2770 765 2837 quidde
785 2785 878 2822 amore
898 2771 1053 2837 interrogas
1072 2786 1122 2834 me,

190 2869 269 2920 quem
288 2869 344 2906 non
362 2853 451 2906 habeo
469 2855 523 2906 nisi
542 2871 575 2907 ex
593 2855 638 2907 te?
662 2854 705 2906 Tu
723 2856 776 2906 scis
795 2855 859 2921 quia
877 2871 940 2908 amo
958 2857 993 2907 te.
1020 2853 1055 2906 Et
1072 2854 1123 2907 hoc

190 2939 280 3005 ipsum
302 2938 432 2990 dominus
454 2940 553 2991 iterum
576 2940 765 3006 interrogauit,
789 2940 816 2991 et
839 2939 890 2992 hoc
912 2940 1002 3006 ipsum
1026 2939 1122 2991 iterum

157 3038 181 3075 ao
190 3020 277 3074 Petrus
305 3022 459 3089 respondit.
482 3022 578 3075 Tertio
595 3024 724 3076 dominus
742 3024 936 3089 interrogauit:
960 3027 990 3077 et
1006 3026 1123 3078 contri-

189 3109 294 3160 status
306 3109 354 3160 est
365 3105 488 3172 PetruS,
501 3108 575 3173 quia
587 3107 668 3159 dixit
680 3108 707 3158 ei
718 3108 826 3174 terti0,
837 3106 933 3160 ¹Amas
946 3108 1010 3160 me?
1028 3106 1122 3160 Domi-

190 3207 241 3243 nus
257 3191 446 3258 interrogabat
460 3191 637 3243 dilectionem
654 3189 739 3244 Petri:
756 3208 808 3244 nos
824 3194 1024 3258 interrogemus
1040 3192 1124 3244 tristi-

190 3276 256 3328 tiam
273 3274 355 3327 Petri.
374 3273 468 3337 Quare
484 3277 613 3341 putamus
628 3277 821 3328 contristatum
838 3274 958 3341 Petrum,
975 3276 1038 3341 quia
1053 3276 1124 3327 dixit

190 3361 213 3410 ei
233 3361 323 3426 tertio,
342 3357 427 3411 Amas
447 3359 508 3411 me?
532 3357 671 3424 Quotiens
690 3358 775 3411 uellet
795 3359 924 3412 dominus
944 3360 1123 3426 interrogare,

1089 3478 1124 3531 87
