2819 4040
217 507 295 581 DE
315 506 550 583 NATALE
570 509 927 586 SANCTORUM
947 509 1107 585 SCILI·

194 616 477 693 TANORUM
490 618 546 690 IN
558 620 827 698 BASILICA
840 623 879 694 N
881 619 1128 696 OVARUM

341 776 461 841 artyrum
485 772 590 827 Christi
614 773 724 828 uirorum
749 780 776 830 et
798 776 962 830 feminarum
985 773 1125 829 fortitudo

351 856 489 911 Christus.
512 856 541 910 Si
557 861 628 912 enim
644 863 696 914 uiri
713 861 766 914 soli
784 862 811 914 in
828 861 957 926 passione
974 860 1062 913 fortes
1079 875 1124 912 ex-

174 769 336 1086 sffi
348 943 486 1008 sisterent,
495 944 571 995 sexui
583 940 693 998 fortiori
704 948 792 998 uirtus
803 943 976 998 tribueretur.
986 944 1053 997 ldeo
1065 942 1123 997 ior-

349 1026 481 1091 titer'pati
491 1028 517 1079 et
527 1026 666 1081 infirmior
676 1045 757 1082 sexus
769 1028 867 1096 potuit,
879 1028 942 1094 quia
952 1027 1020 1080 deus
1031 1028 1058 1079 in
1066 1043 1123 1080 om·
1138 1038 1272 1093 sexuspriusue

194 1107 275 1161 nibus
287 1109 388 1176 potuit.
402 1107 523 1163 Proinde
536 1110 598 1165 licet
610 1113 646 1165 sit
658 1114 708 1179 uir,
722 1113 785 1166 licet
797 1112 833 1165 sit
845 1110 957 1177 femina,
971 1112 998 1163 in
1010 1111 1123 1163 tribula·
1165 1086 1241 1165 3¹2¹less

193 1193 269 1245 tione
284 1208 334 1246 sua
348 1192 432 1246 debet
446 1193 547 1248 dicere:
564 1194 719 1250 Dominus
734 1195 897 1250 fortitudo
912 1211 986 1261 mea,
1001 1197 1028 1249 et
1043 1194 1123 1248 Dili-

192 1291 263 1343 gam
279 1278 317 1344 te,
333 1276 470 1344 domine,
485 1279 588 1332 uirtus
604 1296 678 1334 mea.
697 1280 761 1348 ipsa
777 1279 889 1333 dilectio
904 1279 992 1331 uirtus
1007 1281 1059 1332 est:
1077 1280 1122 1346 qui

162 1371 184 1409 ro
192 1362 266 1413 enim
281 1363 360 1415 nouit
373 1378 473 1429 amare,
487 1379 538 1430 pro
552 1381 594 1432 eo,
609 1364 685 1432 quod
699 1366 780 1430 amat,
794 1362 888 1416 omnia
902 1362 1007 1428 perpeti
1022 1364 1122 1427 potest.

194 1442 230 1496 Et
238 1445 261 1496 si
269 1443 321 1497 hoc
329 1461 407 1498 amor
417 1445 536 1500 lasciuus
547 1449 685 1515 persuasit
692 1446 871 1512 amatoribus,
879 1447 910 1497 ut
919 1461 969 1512 pro
978 1446 1034 1498 suis
1043 1446 1123 1512 nugis

192 1530 219 1581 et
230 1528 339 1582 delictis
350 1529 436 1583 mulla
447 1529 557 1584 fortiter
568 1532 715 1599 patiantur,
727 1547 777 1584 nec
787 1528 938 1598 periculum
948 1528 1034 1581 ullum
1046 1531 1107 1580 ante
1119 1521 1178 1595 {nor
1220 1583 1223 1591 ,

193 1613 289 1666 oculos
304 1616 419 1683 ponunt,
433 1616 479 1682 qui
493 1615 584 1670 alieno
598 1616 698 1685 pudori
713 1615 891 1678 insidiantur;
906 1615 1008 1680 quanto
1022 1613 1123 1667 debent

192 1712 254 1750 esse
264 1696 397 1751 fortiores
407 1698 434 1750 in
442 1699 555 1752 caritate
562 1700 616 1766 dei,
627 1700 673 1767 qui
684 1698 762 1751 illum
770 1698 899 1764 diligunt,
911 1712 989 1764 aquo
997 1699 1124 1750 etuiuen·

160 1795 183 1831 15
191 1783 234 1834 tes
247 1783 274 1834 et
286 1783 436 1836 morientes
449 1784 571 1849 separari
584 1798 640 1835 non
653 1782 791 1850 possunt?
804 1778 920 1833 Amator
932 1781 1034 1847 quippe
1047 1780 1125 1846 inpu-

192 1866 270 1919 dicus
285 1867 382 1934 perdet
395 1868 470 1934 quod
484 1870 566 1934 amat,
580 1869 604 1920 si
618 1882 669 1934 pro
684 1867 775 1919 amata
788 1864 873 1917 iuerit
886 1865 1004 1929 occisus;
1019 1865 1125 1916 amator

192 1952 283 2002 autem
303 1950 348 2003 dei
367 1950 450 2004 fortis
470 1952 497 2003 et
517 1952 606 2004 iustus
626 1966 682 2003 non
703 1949 802 2014 solum,
823 1948 886 2015 quia
905 1948 1028 2013 moritur,
1049 1946 1124 2014 quod

192 2035 295 2087 amauit
306 2050 362 2087 non
372 2035 477 2102 perdet,
489 2035 539 2087 sed
550 2033 696 2087 moriendo
708 2034 814 2086 inuenit
825 2032 900 2099 quod
912 2034 1021 2086 amauit.
1040 2030 1124 2085 Deni-

190 2133 245 2185 ,que
261 2121 368 2172 amator
382 2118 475 2172 delicti
490 2118 620 2172 confiteri
636 2118 722 2185 timet,
739 2119 846 2170 amator
860 2116 905 2169 dei
921 2132 1021 2183 negare
1036 2117 1122 2170 timet.

192 2203 336 2271 Eligamus
351 2221 418 2272 ergo
432 2221 562 2272 amorem,
577 2205 688 2270 iratres,
704 2204 731 2256 in
746 2219 801 2271 quo
816 2204 975 2255 innocenter
987 2203 1123 2268 uiuamuS,

158 2291 217 2342 net
233 2291 320 2342 securi
335 2291 496 2343 moriamur:
512 2290 564 2343 hoc
579 2290 652 2343 enim
668 2304 762 2342 amore
777 2288 873 2353 electo,
888 2302 949 2340 cum
965 2287 999 2340 ab
1015 2302 1049 2340 eo
1064 2287 1123 2340 fue·

154 2433 155 2438 ,
189 2372 245 2424 rint
254 2388 387 2439 possessa
398 2375 494 2425 nostra
505 2372 677 2439 praecordia,
688 2373 796 2425 uiuere
808 2370 888 2424 nobis
901 2370 1051 2425 Christus
1063 2371 1122 2436 erit,

189 2457 219 2509 et
232 2458 311 2509 mori
324 2456 451 2510 lucrum.
470 2455 621 2509 Moriendo
635 2456 710 2522 quod
723 2456 833 2509 odimus
846 2456 993 2520 euitamus3
1006 2456 1122 2508 morien-

189 2539 227 2592 do
248 2539 284 2592 ad
303 2541 379 2607 quod
399 2556 523 2593 amamus
544 2541 729 2607 peruenimus
752 2538 873 2593 Proinde
894 2540 939 2606 qui
960 2540 1033 2592 amat
1053 2538 1122 2591 lianc

188 2624 282 2690 uitam,
298 2623 391 2690 iaciat,
407 2624 430 2676 si
445 2626 511 2690 post
526 2623 647 2677 amando
662 2623 820 2677 diuturnam
835 2639 891 2676 non
906 2625 1006 2691 potest.
1027 2621 1121 2689 Ames,

156 2721 179 2758 25
188 2722 244 2759 non
265 2723 349 2773 ames,
369 2707 443 2774 fugit
463 2708 539 2774 quod
560 2724 648 2761 amas:
670 2708 752 2775 fugit,
773 2723 822 2761 nec
841 2709 919 2760 tenes
940 2708 1015 2775 quod
1036 2723 1119 2761 amas

186 2789 260 2843 'Anni
274 2791 414 2857 accedunt,
427 2794 503 2844 aetas
515 2791 621 2858 deficit,
634 2792 710 2859 quod
723 2794 809 2845 restat
820 2790 971 2844 breuiatur:
984 2807 1040 2845 non
1053 2807 1119 2858 ergo
1136 2806 1176 2835 nn
1186 2807 1262 2842 recerunt

187 2876 251 2927 anni
266 2875 402 2942 producta
414 2876 473 2928 uita
486 2878 534 2928 tua
549 2878 729 2942 accesserunt,
744 2876 802 2942 sed,
818 2876 841 2927 si
856 2875 984 2928 attendas
999 2876 1066 2943 quot
1080 2891 1119 2927 re·
1140 2863 1170 2884 ''⁰''
1180 2855 1257 2884 mmm

186 2961 306 3026 manent,
323 2962 503 3014 recesserunt.
526 2960 599 3013 Nam
615 2961 638 3012 si
656 2961 845 3026 accessissent,
863 2960 1017 3027 longiorem
1033 2959 1118 3022 uitam

186 3043 237 3097 tibi
252 3043 395 3096 iecissent:
409 3058 480 3096 nunc
493 3059 560 3097 uero
574 3043 717 3097 restabant
729 3044 789 3111 tihi,
803 3043 881 3097 uerbi
894 3045 992 3111 gratia,
1006 3044 1119 3109 triginta

154 3141 178 3178 so
187 3128 250 3180 anni
256 3144 263 3192 ;
274 3127 310 3180 ad
319 3126 371 3180 hoc
379 3127 461 3193 uiuiS,
472 3130 502 3180 ut
512 3129 678 3181 minuantur.
696 3127 760 3181 Sine
769 3143 852 3182 causa
862 3128 948 3182 natali
965 3129 1010 3180 tuo
1025 3126 1120 3178 multos

187 3229 275 3266 annos
288 3212 431 3278 addidisti,
444 3213 670 3279 quospauciores
684 3212 732 3265 diu
744 3213 866 3266 uiuendo
879 3213 978 3267 iecisti.
996 3212 1118 3266 netende

185 3296 291 3364 digitos
304 3297 489 3364 conputantis,
503 3312 559 3349 non
572 3298 602 3349 ut
616 3296 661 3363 qui
675 3297 844 3350 transierunt
856 3297 907 3349 tihi
920 3297 1118 3362 renuntientur,

185 3380 235 3432 sed
248 3381 294 3447 qui
307 3381 507 3444 remanserunt;
521 3382 548 3432 et
560 3380 639 3433 uides
652 3395 701 3432 eos
715 3380 751 3433 ad
763 3380 815 3434 hoc
827 3382 929 3447 uenire,
942 3383 971 3433 ut
984 3396 1038 3434 non
1053 3381 1116 3434 sint.

1067 3500 1118 3551 127
