2819 4040
654 336 673 375 S.
687 337 791 386 Augustini
805 338 896 376 tractatus

324 475 479 527 possemus.
505 459 581 512 Nihil
605 461 678 513 enim
701 463 757 514 tam
779 462 955 514 coniunctum
980 475 1060 527 quam
1084 459 1204 513 Verbum
1228 463 1256 513 et

324 546 405 610 deus3
421 546 520 598 iterum
531 544 599 597 nihil
611 547 667 597 tam
679 545 855 599 coniunctum
867 560 948 613 quam
959 559 1023 597 caro
1035 545 1062 597 et
1072 544 1164 597 homo.
1183 542 1256 597 Cum
1266 557 1289 595 ro

322 644 390 696 ergo
402 629 524 682 Verbum
536 632 564 683 et
576 629 646 682 deus
659 629 742 697 longe
755 633 831 683 esset
843 648 858 684 a
870 646 950 684 carne
963 632 990 682 et
1001 629 1121 695 homine,
1134 627 1255 682 Verbum

324 712 428 766 factum
443 716 485 766 est
498 730 570 780 caro,
586 716 613 766 et
627 714 769 767 coniunxit
782 714 922 768 hominem
936 714 997 766 deo.
1019 712 1073 766 Hic
1087 728 1153 780 ergo
1167 713 1256 765 domi-

171 809 235 839 Verbum
242 816 277 839 aa
284 809 315 840 aa.
322 812 375 850 nus
391 800 419 851 et
436 798 560 852 saluator
576 801 680 865 noster,
696 798 774 851 iilius
791 800 846 866 dei,
863 799 984 853 Verbum
998 798 1044 851 dei
1060 797 1164 851 factum
1181 813 1254 862 caro,

170 859 315 942 ξῗοῖῗῖἶῗῖἷῖἠῖἶξ]
323 898 379 935 non
390 884 573 936 conuersione
585 884 613 935 in
625 898 743 949 carnem,
756 883 807 936 sed
821 885 989 939 assumtione
1001 882 1099 948 carniS,
1112 881 1255 935 credentes

180 953 306 1033 “dtjssssssssffffl‘
323 966 350 1017 in
364 980 394 1018 se
407 966 503 1019 docuit
515 968 617 1032 uiuere,
631 966 726 1020 docuit
739 967 821 1019 mori:
834 969 929 1021 uiuere
942 968 1001 1021 sine
1014 965 1171 1033 cupiditate,
1186 966 1255 1019 mori
1265 977 1287 1015 15

322 1051 382 1102 sine
398 1051 507 1104 timore.
531 1049 634 1103 Docuit
649 1052 752 1117 uiuere,
770 1065 804 1103 ne
821 1053 849 1104 in
867 1054 1006 1105 aeternum
1023 1051 1182 1104 moriamur:
1205 1049 1255 1102 do-

320 1135 376 1186 cuit
388 1136 467 1201 mori,
478 1136 509 1187 ut
520 1135 547 1187 in
560 1137 701 1188 aeternum
712 1135 848 1189 uiuamus.
868 1135 911 1189 Ex
921 1151 1015 1189 eorum
1027 1136 1119 1202 itaque
1131 1149 1254 1199 numero,

321 1232 392 1284 quos
406 1217 458 1271 hoc
472 1217 575 1284 docuit,
590 1218 705 1271 eminuit
719 1218 817 1271 beatus
833 1217 1001 1285 Cyprianus:
1022 1219 1061 1270 sic
1073 1218 1171 1271 uiuens
1185 1219 1254 1270 tam-

321 1316 403 1367 quam
420 1303 510 1354 sciens
526 1318 555 1354 se
571 1303 743 1367 moriturum,
760 1303 788 1355 et
804 1303 843 1355 sic
859 1304 980 1356 moriens
995 1305 1134 1369 tamquam
1149 1303 1253 1354 certum

320 1385 425 1438 habens
441 1388 669 1451 resurrecturum
686 1387 797 1453 gemina
811 1389 902 1454 gratia
915 1387 1123 1441 commendatus
1138 1385 1200 1452 deo,
1221 1400 1254 1438 ea
1261 1397 1286 1435 20

318 1469 414 1535 utique
424 1471 523 1536 gratia,
535 1485 617 1536 quam
629 1471 748 1537 sumpsit
758 1469 793 1523 ab
805 1469 855 1523 illo
865 1471 909 1523 cui
920 1470 1031 1537 placuit.
1044 1468 1150 1522 Placuit
1160 1471 1251 1521 autem

320 1552 361 1604 illi
377 1569 411 1605 ex
425 1553 502 1606 dono
518 1555 588 1606 eius:
611 1553 687 1620 quod
702 1553 775 1606 enim
791 1553 827 1606 ad
843 1555 934 1620 ipsum
950 1553 1091 1619 attinebat,
1107 1553 1181 1605 unde
1196 1552 1252 1605 dis-

320 1636 434 1703 pliceret
456 1637 584 1704 habebat,
607 1653 663 1690 non
686 1636 759 1690 unde
782 1637 911 1704 placeret.
940 1636 996 1691 Sed
1019 1636 1252 1704 quemadmodum

320 1721 514 1787 scriptumest,
527 1720 589 1774 Ubi
602 1721 779 1774 abundauit
791 1724 964 1787 peccatum,
976 1720 1252 1787 superabundauit

318 1806 432 1870 gratia.
454 1803 504 1857 llle
516 1806 576 1871 ipse
588 1803 726 1857 ueridicus
739 1806 767 1857 et
779 1819 864 1857 uerax
876 1807 979 1872 martyr
991 1818 1087 1857 seruus
1100 1804 1154 1869 dei,
1166 1818 1251 1857 uerax
1259 1819 1283 1856 25

318 1902 430 1940 munere
442 1888 496 1953 dei,
508 1888 660 1941 confitetur
671 1890 698 1940 in
710 1888 853 1955 scripturis
865 1885 935 1954 suis,
944 1888 1034 1955 qualis
1046 1890 1126 1941 antea
1137 1887 1249 1940 fuisset:

188 1988 302 2044 miscemus
319 1988 374 2026 non
393 1973 568 2026 obliuiscitur
584 1973 675 2040 qualis
693 1972 786 2039 fuerit,
805 1990 838 2026 ne
857 1974 981 2040 ingratus
999 1974 1035 2025 sit
1052 1973 1085 2039 ei,
1104 1988 1152 2040 per
1170 1987 1250 2040 quem

164 2036 462 2122 {tiliiisdijlltftalis'esse
480 2057 607 2111 cessauit.
632 2056 752 2111 Gemina
770 2074 838 2125 ergo
856 2059 946 2125 gratia
963 2057 1170 2111 commendatur
1187 2057 1250 2122 de0,

164 2132 309 2210 “llessssgssffll'
318 2142 481 2208 episcopatu
496 2144 524 2194 et
538 2143 679 2209 martyrio.
703 2141 888 2209 Episcopatus
904 2143 962 2196 eius
978 2141 1106 2195 defendit
1121 2144 1148 2195 et
1162 2141 1251 2194 tenuit

318 2226 463 2290 unitatem;
484 2227 645 2293 martyrium
662 2226 721 2278 eius
738 2226 834 2278 docuit
850 2228 878 2278 et
895 2226 1020 2292 impleuit
1035 2225 1283 2278 contessionemao

395 2311 420 2362 2.
442 2307 469 2362 O
489 2325 571 2377 quam
591 2325 701 2377 magna,
722 2325 803 2377 quam
823 2307 941 2362 mirabilis
962 2315 1004 2364 est
1023 2310 1109 2363 fides!
1135 2308 1250 2377 Aliquid

223 2406 257 2443 ror.
274 2407 308 2443 nr
318 2410 448 2461 magnum
467 2396 509 2447 est
526 2395 610 2462 fides,
629 2398 656 2449 et
673 2396 720 2449 ubi
739 2391 955 2465 estPHVidemus
972 2397 1045 2449 enim
1063 2411 1114 2449 nos
1132 2396 1250 2448 inuicem

318 2477 404 2532 iacies
420 2482 539 2546 nostras,
554 2479 675 2533 formam
689 2483 820 2547 nostram,
835 2483 927 2534 uestes
942 2483 1059 2546 nostras
1074 2479 1159 2533 uerba
1173 2478 1250 2532 deni-

317 2578 369 2629 que
385 2566 480 2617 nostra
495 2579 633 2631 uocesque
649 2579 714 2617 aure
728 2566 904 2631 percipimus3
920 2565 994 2617 tides
1009 2565 1056 2617 ubi
1072 2567 1121 2630 est,
1144 2562 1176 2614 de
1194 2579 1248 2630 qua

317 2663 388 2700 nunc
406 2648 525 2714 loquor?
548 2649 753 2702 demonstretur
770 2650 858 2702 oculis
877 2650 987 2703 nostris.
1014 2648 1083 2702 Ecce
1100 2647 1174 2702 fides
1192 2661 1280 2702 nonos

315 2731 436 2784 uidetur:
464 2734 491 2784 et
509 2735 601 2785 tamen
621 2734 709 2786 totam
730 2734 811 2785 istam
833 2733 1046 2800 multitudinem,
1067 2747 1136 2800 quae
1156 2733 1199 2785 hic
1219 2734 1247 2785 in

315 2815 401 2868 domo
423 2816 470 2868 dei
491 2817 609 2883 uidetur,
633 2818 694 2883 ipsa
717 2816 792 2869 fides
816 2818 936 2883 attraxit,
959 2832 1029 2884 quae
1052 2832 1106 2870 non
1128 2816 1246 2869 uidetur.

315 2900 422 2966 Magna
439 2915 506 2967 ergo
521 2899 604 2967 fides,
621 2901 692 2954 sicut
707 2903 735 2954 et
750 2902 880 2955 dominus
897 2902 924 2953 in
940 2901 1086 2968 euangelio
1102 2901 1179 2955 dicit:
1196 2899 1248 2954 Se-

273 3023 274 3027 1
315 2983 451 3036 cundum
470 2984 570 3037 iidem
587 2987 672 3038 tuam
691 2984 753 3038 fiat
770 2986 839 3039 tibi.
867 2985 935 3039 ltem
953 2987 1012 3053 ipse
1030 2986 1160 3038 dominus
1178 2984 1248 3037 deus

315 3071 410 3122 noster
424 3069 542 3122 laudans
555 3068 643 3123 iidem
656 3070 839 3137 quorumdam
853 3071 902 3123 ait:
923 3069 993 3124 Non
1007 3072 1115 3124 inueni
1128 3073 1280 3124 tantamne

313 3152 413 3205 'iidem
427 3155 513 3210 <in>
523 3152 652 3208 Israhel.
669 3153 733 3207 Non
741 3157 915 3221 ergomirum
923 3158 973 3221 est,
988 3156 1011 3207 si
1020 3154 1162 3222 perfidem
1176 3169 1246 3220 quae

161 3255 210 3289 onam
222 3262 277 3310 maan
286 3254 306 3284 n-
315 3252 371 3289 non
383 3236 495 3289 uidetur
505 3238 690 3290 contemnitur
700 3238 759 3290 uita
771 3253 841 3304 quae
852 3237 970 3305 uidetur,
983 3241 1014 3291 ut
1024 3239 1179 3305 acquiratur
1190 3237 1248 3289 uita

161 3304 187 3332 “⁹⁵
197 3303 212 3332 ¹³
222 3302 305 3340 cunno,
316 3336 385 3388 quae
401 3336 457 3373 non
472 3320 591 3375 uidetur.
614 3321 675 3374 Hac
691 3320 750 3373 fide
766 3322 864 3389 plenus
880 3323 938 3375 erat
953 3323 1063 3374 sanctus
1078 3319 1247 3388 Cyprianus:

314 3404 364 3457 hac
378 3404 438 3457 ride
452 3404 602 3472 implentur
615 3421 671 3458 non
685 3405 750 3458 falsi
766 3406 816 3458 sed
830 3406 888 3458 ueri
903 3404 1064 3471 Christiani,
1078 3406 1124 3471 qui
1138 3420 1171 3457 ex
1184 3407 1246 3458 toto

315 3524 365 3576 110
