2819 4040
450 322 491 361 ΧΗ.
503 322 534 361 De
547 323 603 361 tertia
616 323 664 362 teria
677 323 764 363 Paschae
776 325 794 362 2.

155 450 248 514 anifimal'
263 456 293 500 ita
307 456 373 502 etiam
390 454 556 509 argumentatur
570 453 708 511 'Augustinus
723 463 790 511 supra
805 467 826 511 pr
842 455 875 508 18,
891 454 904 498 l.
918 455 951 496 21.
982 453 1024 496 150
1036 449 1089 505 uhi}

154 532 196 581 pro
209 529 265 572 uti?
293 530 334 572 164
346 526 468 579 ¹Verbum]
485 525 530 570 lohl
543 527 561 580 1,
574 527 592 570 l.
627 529 666 571 156
678 528 781 583 terrain]
797 528 853 571 Gen.
865 528 914 583 tt.
947 524 1089 582 quider'atl

154 600 182 652 G,
201 612 241 654 pro
260 601 329 655 quod
348 600 420 643 erat?
452 599 493 641 163
510 599 536 643 in
555 598 640 654 nobis]
660 600 705 647 loll.
726 602 744 656 ll,
759 602 792 644 14.
825 599 891 643 Haud
910 596 1019 646 absimilia
1034 593 1089 640 suut

154 672 196 714 ista
209 671 238 716 ab
251 673 286 726 iis,
300 685 358 729 quae
371 672 393 714 in
408 670 476 715 Serm.
492 672 539 724 232,
554 683 575 715 n.
590 673 602 713 5
617 672 728 730 leguntur:
742 674 815 726 ,Unde
830 672 894 716 nobis
910 673 971 715 uita?
984 669 1044 716 unde
1056 666 1089 718 illl

153 745 231 801 lmors?
260 747 284 788 ln
306 744 412 800 principio
433 744 481 786 erat
502 742 606 797 Verbum,
629 746 651 788 et
670 746 767 789 Verbum
787 758 807 791 e.
820 745 876 788 ad.
889 758 908 788 e.
922 745 943 787 d.
957 757 975 789 e.
992 742 1090 787 Verbum

155 816 242 865 Quaere
256 816 286 859 ibi
299 818 401 859 mortem.
422 814 472 863 Ubi.
487 814 552 867 unde,
567 816 734 870 quomodo?...
750 819 800 860 Non
816 818 862 860 erat
875 815 910 867 illi,
924 815 985 858 unde
998 813 1090 858 haberet

154 891 259 932 mortem:
272 900 317 932 non
330 887 468 931 habebamus
482 899 530 941 nos,
543 889 603 931 unde
615 889 745 933 haberemus
759 890 837 941 uitamu
850 888 933 943 accepit
945 888 981 932 ille
994 888 1087 931 mortem

154 961 183 1003 de
195 962 279 1013 nostro,
292 963 317 1004 ut
328 960 390 1003 daret
403 959 467 1003 nobis
479 960 549 1003 uitam'
560 961 589 1004 de
600 970 648 1006 suo.
666 961 789 1013 Quomodo
800 961 836 1004 ille
849 962 941 1004 mortem
954 960 983 1003 de
994 960 1089 1005 nostroh

153 1033 251 1078 Verbum
268 1045 320 1075 earo
339 1033 354 1077 t.
368 1045 387 1075 e.
402 1045 420 1075 e.
434 1031 455 1074 h'.
474 1033 495 1075 in
515 1032 593 1076 nobis‘
624 1035 667 1084 Qui
686 1035 776 1089 quidem
793 1045 866 1076 sermo
884 1042 932 1075 cum
952 1032 1007 1076 teria
1024 1032 1087 1077 tertia

156 1104 254 1147 Paschae
270 1105 299 1148 de
318 1104 429 1159 discipulis
447 1104 470 1146 in
489 1104 568 1148 Emaus
587 1106 675 1150 habitus
692 1108 726 1159 sii,
745 1106 804 1149 hunc
822 1116 912 1160 quoque
929 1105 1043 1148 tractatum
1058 1102 1087 1147 ad

154 1177 248 1220 eandem
260 1176 368 1232 paschalis
383 1175 531 1219 sollemnitatis
546 1178 604 1221 diem
617 1180 724 1233 pertinere
737 1177 867 1232 putauerim,
880 1175 928 1220 licet
939 1178 962 1221 in
975 1177 1020 1220 imo
1033 1176 1087 1219 lolio

153 1239 194 1292 59ν
210 1248 256 1291 duo
270 1247 325 1291 haec
338 1248 407 1292 uerb'u
420 1247 560 1293 solummodo
575 1251 685 1305 legantur:
701 1250 821 1291 ExpllclT
835 1249 1000 1292 TRACTATUS.

183 1474 260 1549 DE
285 1474 495 1550 TERTIA
518 1473 690 1551 FERIA
714 1474 994 1550 DASCHAE
1020 1474 1061 1546 II.

300 1636 449 1688 esurrectio
460 1635 565 1689 domini
579 1635 641 1689 lesu
652 1635 759 1689 Christi
770 1634 862 1687 torma
873 1634 915 1685 est
924 1631 1089 1685 christianae

309 1719 387 1773 fidei.
407 1717 493 1782 Quod
505 1720 577 1772 enim
591 1722 671 1773 natus
684 1721 726 1771 est
738 1734 772 1771 ex
784 1717 904 1783 homine,
917 1716 1001 1769 homo
1012 1717 1087 1769 certo

151 1629 296 1946 Q
309 1806 441 1870 tempore,
458 1804 527 1856 deus
542 1806 634 1856 autem
650 1818 684 1855 ex
699 1802 762 1868 deo,
779 1803 838 1854 sine
854 1800 948 1868 aliquo
964 1801 1088 1867 tempore

135 1903 146 1939 5

308 1887 389 1953 deus;
414 1887 490 1955 quod
511 1903 578 1954 ergo
600 1889 681 1940 natus
702 1888 745 1939 est
766 1886 794 1938 in
815 1900 897 1938 carne
918 1884 1038 1950 mortali,
1059 1885 1087 1937 in

154 1971 335 2024 similitudine
353 1973 442 2024 carnis
460 1972 573 2038 peccati,
592 1970 669 2038 quod
686 1970 809 2037 portauit
826 1968 982 2035 infantiam,
1000 1971 1240 2022 trans-ramnolfus

1095 2037 1201 2069 resurrectioni
1211 2037 1240 2067 ml-

153 2071 266 2122 gressus
283 2057 325 2107 est
340 2056 494 2122 pueritiam,
511 2056 638 2123 peruenit
654 2055 691 2108 ad
707 2055 885 2120 iuuentutem,
902 2056 929 2106 et
944 2053 1013 2106 hanc
1029 2069 1089 2120 per·
1138 2087 1196 2117 mm

154 2140 233 2192 duxit
252 2140 288 2192 ad
308 2143 433 2206 mortem,
453 2140 505 2193 hoc
523 2141 612 2192 totum
632 2139 825 2192 resurrectioni
845 2137 989 2191 militabat.
1022 2136 1087 2191 Non

154 2225 226 2276 enim
248 2226 412 2290 resurgeret,
435 2225 488 2276 nisi
511 2226 637 2277 mortuus
657 2225 742 2277 esset:
771 2224 895 2276 mortuus
918 2238 974 2275 non
987 2218 1000 2292 ss
1016 2222 1129 2284 essetroi
1144 2233 1169 2270 os

124 2309 207 2362 ronisi
229 2309 310 2361 natus
332 2311 416 2374 esset;
439 2324 472 2361 ac
492 2324 541 2376 per
561 2309 621 2375 hoc,
644 2309 720 2376 quod
742 2311 822 2361 natus
844 2310 871 2360 et
892 2309 1017 2361 mortuus
1037 2309 1088 2373 est,

154 2394 347 2445 resurrectioni
360 2392 487 2460 profecit.
506 2393 610 2447 Natum
622 2392 762 2447 hominem
774 2393 809 2445 de
821 2392 933 2446 homine
944 2392 1088 2446 dominum

154 2476 297 2530 Christum
315 2477 394 2530 multi
412 2479 439 2529 et
456 2477 539 2530 alieni
556 2479 583 2530 et
600 2478 677 2544 impii
694 2477 882 2530 crediderunt:
907 2476 1033 2543 quamuis
1053 2475 1088 2528 de

154 2561 261 2628 uirgine
282 2577 338 2614 non
359 2564 504 2628 nouerunt,
525 2564 618 2615 tamen
637 2562 776 2615 hominem
797 2563 891 2614 natum
912 2559 1089 2613 crediderunt

155 2643 298 2697 Christum
316 2646 343 2696 et
359 2646 439 2698 amici
457 2648 484 2698 et
501 2646 611 2712 inimici,
629 2645 790 2699 crucifixum
808 2647 835 2697 et
853 2647 992 2698 mortuum
1009 2643 1089 2699 Chri·

124 2742 146 2778 15
155 2730 227 2780 stum
240 2727 417 2781 crediderunt
430 2731 457 2781 et
471 2730 550 2782 amici
564 2732 591 2782 et
604 2729 718 2782 inimici:
738 2729 920 2781 resurrexisse
935 2745 991 2782 non
1005 2743 1089 2781 noue-

154 2816 217 2864 runt
235 2813 289 2864 nisi
308 2813 361 2864 soli
380 2814 468 2866 amici.
494 2813 557 2866 Hoc
574 2815 665 2866 autem
684 2815 798 2879 propter
817 2812 903 2880 quid?
929 2811 979 2865 llle
998 2814 1088 2866 autem
1118 2835 1223 2869 nuruum

155 2897 284 2950 dominus
303 2896 432 2951 Christus
450 2899 526 2965 quod
543 2899 618 2952 nasei
634 2898 732 2964 uoluit,
750 2898 827 2965 quod
844 2899 914 2951 mori
931 2885 1241 2964 uoluit-fe·ffss¹g³j{‚⁰jss¹s1„ff¹¹„²}}

155 2996 267 3048 surgere
282 2981 412 3035 intendit:
432 2982 471 3034 ibi
485 2982 568 3036 nobis
581 2982 722 3035 diffiniuit
735 2982 833 3036 fidem.
856 2982 886 3035 ln
901 2998 1002 3051 genere
1016 2983 1088 3035 enirn
1122 2982 1152 3013 ⁵⁰¹¹
1163 2981 1212 3012 wll·

155 3068 261 3132 nostro,
275 3066 304 3118 id
317 3068 367 3133 est,
381 3067 408 3119 in
420 3082 522 3133 genere
534 3067 655 3120 humano
668 3067 739 3119 duas
752 3082 796 3120 res
810 3082 987 3121 noueramus:
1005 3068 1088 3132 nasci,

123 3164 147 3202 ao
155 3151 183 3202 et
198 3151 277 3203 mori.
299 3149 339 3203 Ut
354 3149 465 3202 doceret
480 3151 507 3203 et
522 3150 598 3217 quod
613 3167 669 3204 non
685 3166 861 3218 noueremus,
877 3152 998 3219 suscepit
1013 3149 1089 3218 quod

156 3248 330 3287 noueremus.
353 3232 494 3286 Usitatum
509 3233 565 3286 luit
579 3234 607 3287 in
621 3235 735 3300 regione
750 3236 868 3302 terrena,
884 3236 911 3288 in
926 3234 1089 3289 condicione

155 3317 386 3374 mortali<ta>tis
400 3320 520 3384 nostrae,
534 3333 649 3386 prorsus
663 3319 797 3373 usitatum
811 3319 865 3374 fuit
878 3321 953 3373 nasci
967 3321 994 3372 et
1007 3320 1088 3373 mori:

156 3404 212 3460 tam
227 3404 367 3473 usitatum,
382 3405 412 3456 ut
426 3404 454 3457 in
468 3402 546 3461 caelo
560 3419 621 3459 esse
636 3420 692 3461 non
708 3407 812 3475 posset,
828 3406 942 3460 interra
957 3419 1018 3458 esse
1033 3419 1089 3457 non
