2819 4040
463 353 548 393 XXXlll.
561 355 591 392 De
604 355 683 394 muliere
696 355 788 394 Cananea

218 482 275 528 llide
295 482 387 527 Praeiai.
407 482 434 526 ad
447 496 468 526 n.
482 484 548 527 XCll.
580 487 593 527 4
609 489 655 530 erat
672 488 771 541 primum,
790 487 845 529 sicut
862 485 943 540 ubique
962 483 1003 526 bac
1022 485 1091 534 lenus,

159 566 234 610 quem
255 555 408 599 ammodum.
449 556 472 597 11
495 558 563 611 quod
584 560 660 602 modo
678 559 848 613 cantabimus}
870 557 930 613 quod
950 557 977 600 de
998 567 1042 599 una
1062 566 1091 597 ex

158 626 282 681 antiphonis
299 626 414 681 intellegas
433 627 504 681 uelim,
523 641 579 682 quae
597 630 704 685 apopulo
722 633 825 674 uniuerso
842 629 1023 673 decantabantur:
1048 628 1090 671 hae

159 711 225 754 porro
248 700 272 740 ut
294 697 411 752 plurimum
435 702 497 743 erant
519 713 546 743 ex
567 703 708 746 translatione
731 704 803 757 aliqua
825 702 946 756 antiquiore
971 701 1089 751 mutuatae,

158 770 252 824 ideoque
266 783 311 813 non
323 771 345 813 16
359 770 462 813 omnibus
475 784 525 814 cum
537 773 644 827 uersione,
658 786 702 828 qua
715 774 850 830 Augustinus
864 775 935 826 utitur,
949 773 1088 816 concordant.

159 844 186 885 12
203 841 267 895 mea]
288 842 322 886 Ps.
342 844 375 895 56,
389 845 409 886 2.
447 844 473 885 16
490 845 608 898 sperabit
626 846 652 888 G.
682 847 824 892 denelictus
844 846 888 899 661]
908 859 935 888 ex
955 846 1047 898 Eccli.2,
1063 845 1086 885 11

160 916 181 957 et
194 915 220 956 12
230 914 295 959 66611.
327 915 366 957 fit
377 915 480 957 enimin
492 918 592 969 magnis
602 918 809 971 temtationibus]
822 918 842 960 G
854 918 890 960 ubi
903 918 1005 961 mendum
1016 919 1089 960 inesse

158 986 250 1039 uidetur,
265 987 299 1029 cui
315 986 425 1030 medelam*
438 999 482 1029 non
496 988 595 1039 inueni0;
611 992 704 1034 attamen
719 990 850 1033 adiectiuum·
864 992 964 1044 magnis
982 988 1089 1030 adiectiuo

158 1057 284 1113 paruulos
299 1069 356 1103 uers.
373 1071 406 1112 sq.
422 1059 555 1112 respondere
570 1073 656 1113 censeo,
671 1062 766 1116 itemque
783 1062 804 1105 in
819 1073 873 1104 uoce
890 1061 1088 1104 temtationibus

158 1132 247 1185 propter
268 1130 331 1175 ablat.
352 1131 428 1185 plural.
449 1131 487 1184 qui
506 1132 620 1186 praecedit,
639 1134 672 1176 uti
692 1145 759 1187 saepe
777 1132 830 1176 alias
851 1135 872 1176 in
893 1133 972 1186 codice,
993 1136 1088 1176 erratum

159 1214 218 1254 esse;
241 1203 309 1244 enim
326 1213 415 1256 quoque
431 1215 471 1256 pro
489 1203 566 1247 etiam
582 1204 638 1246 falso
655 1207 737 1258 passim
754 1204 863 1248 scribitur:
880 1207 903 1247 ut
919 1205 951 1247 fit
967 1205 1043 1247 etiam
1063 1205 1088 1246 in

158 1274 258 1328 magnis
280 1274 400 1318 tentatio
422 1274 508 1317 aliudue
530 1276 599 1319 simile
620 1276 736 1331 legendum
759 1279 840 1331 putem.
894 1278 920 1318 19
941 1270 1087 1329 discipulos

158 1357 230 1400 suos,
248 1346 386 1400 apostolos
403 1347 517 1401 nostros]
535 1347 561 1392 ci.
579 1347 649 1392 Tract.
666 1349 772 1403 praeced,
789 1349 802 1391 1.
817 1349 854 1391 12:
871 1348 988 1401 ,discipulis
1005 1348 1087 1390 domini

159 1420 208 1461 lesu
232 1418 320 1471 Clr'risti,
345 1419 450 1473 apostolis
474 1421 561 1462 6661116ί
585 1423 607 1463 61
627 1420 686 1464 alibi.
722 1422 746 1461 21
765 1419 884 1473 arietum]
910 1420 1017 1473 Ps.28,1.
1061 1421 1088 1461 23

81 1488 82 1492 ’
157 1490 253 1543 nostra]
271 1490 348 1536 maun
366 1493 386 1543 6,
405 1493 437 1533 12.
483 1493 518 1541 24.
536 1494 568 1535 25.
588 1493 627 1534 113
645 1492 691 1535 sub
708 1494 785 1535 uenia
801 1491 923 1544 uiuimus]
943 1492 1085 1544 tergeminum

158 1562 257 1613 eliatum,
271 1565 295 1605 ut
306 1564 373 1616 ,uenit
385 1574 441 1605 unus
453 1566 527 1606 contra
539 1565 614 1606 unum‘
628 1575 693 1617 supra
706 1564 776 1608 Tract.
791 1563 866 1614 XXXl,
879 1576 900 1606 n.
916 1564 925 1604 1
947 1565 968 1605 et
979 1575 1088 1617 ,permane

157 1646 219 1676 mens
234 1635 257 1677 in
273 1635 391 1688 certamine
404 1628 451 1678 1116ί
467 1636 523 1677 inira
539 1635 551 1678 l.
568 1637 657 1678 49-51.
704 1636 730 1677 25
746 1636 903 1688 proiecimus
919 1634 947 1676 G.
993 1635 1087 1679 266116

158 1707 237 1749 bante
279 1709 305 1749 28
320 1707 400 1751 nobit.
433 1708 547 1752 vaiubare.
582 1710 609 1750 29
625 1708 727 1761 legetur
767 1706 1087 1761 3266661116]11616.7,14.

158 1778 395 1832 3516616]161(1,15.
429 1780 456 1822 36
471 1780 517 1833 661]
534 1780 585 1821 ibid.
602 1781 634 1822 16.
669 1781 696 1821 44
711 1778 853 1833 peccatum]
869 1778 920 1820 ibid.
936 1780 970 1822 20.
1002 1778 1087 1831 51166]

158 1851 235 1896 illlatth.
256 1852 288 1904 15,
307 1852 340 1895 25.
384 1853 411 1894 54
429 1854 454 1895 in
472 1852 628 1906 baptismum
679 1851 837 1894 mulctraria
853 1850 884 1901 03
903 1852 910 1893 l
931 1850 981 1892 Cor.
1002 1852 1033 1903 15,
1051 1852 1086 1898 54.

160 1923 228 1977 1661]
239 1922 291 1968 ibid.
303 1924 336 1966 55.
365 1925 393 1966 63
405 1924 436 1966 ad
447 1924 547 1976 malum]
560 1924 619 1966 haud
627 1925 752 1967 cunctanter
763 1922 878 1965 emendaui
890 1935 917 1965 ex
928 1923 1087 1973 animalium

158 1995 257 2038 uidelicet
276 1995 361 2049 scripsit
379 2007 441 2037 more
461 2007 502 2037 suo
521 1995 620 2038 librarius
640 1996 783 2048 ammalum,
810 1995 904 2047 indeque
923 1994 1022 2037 coniusio
1042 1997 1089 2036 orla

157 2069 196 2111 est.
226 2066 427 2121 65suppedibus
463 2067 592 2109 66666166
626 2066 857 2120 blaudiuitllCor.
871 2068 890 2120 2,
904 2069 923 2109 9.
953 2066 1087 2119 ‘ltluestral

158 2138 211 2183 Phil.
226 2141 246 2191 4,
260 2141 279 2182 7.
312 2140 339 2180 72
353 2139 437 2193 nobis]
454 2139 510 2181 Esai.
525 2140 557 2193 26,
574 2141 605 2180 12.
639 2140 665 2181 85
680 2152 712 2193 sq.
727 2141 887 2181 temtatur...
903 2138 1087 2191 temtationem!

157 2224 171 2264 p
191 2213 241 2264 post
257 2213 306 2253 tem
322 2213 335 2253 2
349 2225 376 2256 nr.
390 2224 407 2254 s.
422 2211 434 2253 l.
451 2211 500 2253 add.
535 2212 562 2253 86
576 2211 787 2253 asseductionem
804 2212 814 2252 1
830 2224 858 2252 m.
892 2212 918 2252 87
934 2210 1031 2262 1661161]
1048 2212 1088 2253 lac.

159 2284 225 2336 1,13.
259 2285 285 2326 89
300 2282 420 2336 inlectus]
437 2282 487 2326 ibid.
505 2284 537 2324 14.
571 2283 599 2325 ut
613 2283 728 2336 mortem]
744 2282 795 2325 ibid.
813 2284 844 2325 15.
885 2282 1087 2335 munufactum}

159 2357 212 2399 lm.
229 2354 361 2399 aiiactum.
397 2357 437 2397 106
452 2355 580 2409 disponis]
596 2365 709 2409 perperam
725 2368 778 2397 corr.
795 2354 927 2409 disponas.
962 2355 1002 2397 109
1018 2355 1088 2407 dicit,

157 2426 248 2479 Dicite]
266 2428 339 2469 minus
358 2427 475 2481 eleganter,
493 2429 516 2470 at
533 2427 591 2470 idem
611 2440 676 2482 supra
695 2427 763 2469 babes
783 2427 795 2470 l.
813 2428 852 2468 22:
871 2425 966 2480 ,quando
985 2427 1016 2468 eis
1034 2426 1088 2467 dixit

158 2501 181 2541 ut
200 2499 301 2550 dicerent,
324 2499 428 2544 Dimitte!
468 2501 508 2542 116
527 2500 644 2542 inieras
663 2502 688 2542 in
708 2499 896 2552 temtationem]
918 2498 995 2542 lllatth.
1016 2500 1035 2550 6,
1056 2499 1088 2540 13.

158 2571 197 2611 117
211 2571 319 2615 intretis.
333 2572 346 2613 i.
360 2571 437 2624 temt]
454 2570 532 2615 Matth.
547 2573 579 2624 26,
593 2573 626 2614 41.
672 2572 712 2612 122
724 2582 768 2613 cor
781 2570 935 2625 sapientem]
951 2571 960 2610 1
976 2583 1003 2613 m.
1017 2569 1088 2624 rhyth-

156 2643 217 2685 micis
233 2643 319 2697 legibus
336 2646 489 2696 consentanee,
506 2644 614 2697 posterius
630 2656 683 2686 uero
700 2643 747 2686 rudi
764 2655 829 2685 manu
845 2655 888 2685 cor
904 2643 1007 2697 sapiens
1024 2654 1087 2692 corr,

157 2717 178 2756 at
199 2720 255 2760 certe
277 2716 341 2758 eliam
360 2717 444 2770 antiqui
464 2729 507 2758 cor
527 2716 639 2759 masculini
659 2716 746 2769 generis
768 2728 817 2758 esse
837 2727 941 2757 censuere
964 2715 999 2769 (ci.
1022 2714 1087 2756 Thes

154 2787 206 2843 ling.
221 2789 257 2832 lat.
273 2790 308 2840 lV,
323 2790 382 2846 930),
398 2791 419 2831 et
432 2802 459 2831 ex
474 2789 582 2831 Benedicti
597 2788 651 2843 Reg.
665 2787 767 2832 Monacll.
783 2797 800 2830 6.
815 2789 828 2830 5
842 2799 1013 2831 commemorare
1027 2789 1086 2829 iuuat

150 2861 194 2913 ,qui
209 2861 346 2914 correspicit
361 2861 545 2904 murmurantem‘.
580 2860 876 2913 1306666616116166161
892 2870 921 2903 m.
955 2861 1083 2902 13716611-

151 2931 198 2984 161]
219 2944 246 2974 ex
264 2933 389 2976 morietur
406 2944 459 2975 corr.
510 2933 550 2974 139
570 2930 794 2985 corruptibilibus]
815 2932 893 2974 eadem
911 2932 958 2975 rudi
977 2943 1041 2973 manu
1059 2932 1082 2974 16

150 3004 330 3058 corruptibilis
346 3006 428 3057 mutat,
443 3016 499 3057 quae
514 3005 579 3057 paulo
594 3006 644 3046 ante
657 3015 702 3045 cor
715 3005 822 3057 sapiens
836 3017 864 3046 ex
879 3004 997 3046 masculino
1012 3015 1083 3045 emen-

150 3076 216 3121 dauit.
249 3077 289 3118 144
301 3076 434 3129 malorum]
448 3077 455 3117 l
470 3077 525 3119 Tim.
538 3077 556 3128 6,
572 3077 604 3117 iu.
636 3077 676 3117 144
688 3076 795 3118 uenient
806 3075 833 3128 G,
845 3075 882 3118 ubi
893 3090 907 3117 n
928 3088 954 3117 ex
967 3075 1082 3118 abundanti

150 3160 200 3190 6666
216 3161 262 3201 seq.
278 3159 356 3190 uersus
372 3148 474 3190 ostendit.
510 3148 550 3189 150
565 3148 707 3200 interitum]
723 3147 751 3189 ci.
768 3148 815 3189 Act.
832 3150 851 3202 8,
865 3150 899 3190 20.
927 3146 1021 3199 666161]
1042 3147 1084 3187 1166

155 3219 203 3262 1666
221 3233 249 3263 ex
265 3221 372 3263 uenient
390 3221 467 3262 merito
484 3232 537 3264 corr.
576 3220 615 3261 152
631 3219 756 3273 dentium]
775 3220 853 3264 Matth.
872 3219 1009 3273 8,]26161.
1047 3219 1087 3260 158

154 3292 236 3345 prode
250 3292 297 3346 661]
312 3304 324 3333 6
339 3293 362 3333 1⁰
376 3291 424 3333 loco
438 3293 489 3346 post
502 3291 579 3336 deleta.
613 3293 653 3333 160
667 3291 720 3345 sua]
736 3291 815 3335 11161111.
831 3293 863 3345 16,
878 3293 910 3334 26.
944 3292 981 3333 161
997 3290 1086 3344 661116]

154 3364 321 3418 1661611661.
349 3363 463 3417 elundel
480 3365 503 3405 et
518 3376 535 3405 s.
550 3364 562 3405 l.
578 3364 657 3418 pariter
671 3364 721 3407 add.
757 3365 797 3406 162
812 3377 844 3417 sq.
860 3363 985 3416 uiuemusl
1002 3375 1028 3404 ex
1049 3364 1086 3404 ui-

153 3436 237 3479 uimus
252 3439 323 3489 utroq.
340 3435 388 3477 loco
404 3447 457 3478 corr.
493 3437 533 3476 177
548 3436 685 3489 promittit]
702 3447 742 3489 pro
757 3437 909 3490 promittat?

157 3568 188 3606 11·
1039 3547 1089 3599 163
