2819 4040
650 327 669 366 S.
683 326 787 376 Augustini
800 328 892 366 tractatus

322 452 386 504 tunc
408 451 497 518 magis
518 450 624 518 psallis,
646 467 728 519 quam
750 452 799 505 diu
820 453 901 506 uiuis.
929 450 1020 505 M'odo
1041 453 1113 505 enim
1134 467 1190 506 non
1211 453 1254 506 est

187 545 295 582 nonestus
322 534 379 601 diu,
399 534 476 602 quod
494 534 581 588 finem
600 534 692 589 habet.
719 534 781 603 Ego
801 552 857 590 non
876 535 995 589 dicerem
1015 535 1064 588 diu
1082 536 1186 589 uixisse
1205 550 1254 588 nec

192 594 289 673 “uifflifffm
322 619 412 685 ipsum
426 617 526 685 hdam,
540 619 564 672 si
578 619 662 672 hodie
675 620 801 674 mortuus
815 621 900 674 esset:
920 619 988 687 quid
1001 619 1074 672 enim
1088 618 1254 687 prodessent

321 704 447 769 tempora
463 702 548 770 longa
561 704 718 771 praeterita,
732 719 794 757 cum
809 706 903 758 essent
916 703 1084 771 praeterita?
1105 701 1161 756 Diu
1175 702 1253 770 uixit,

320 785 412 839 tamen
424 787 505 842 uixit:
524 788 574 841 sed
586 789 610 841 si
622 788 692 841 uiuit
704 788 750 841 dic
760 788 836 856 mihi,
848 792 876 842 et
887 788 912 842 si:
924 787 1000 856 quod
1011 787 1081 841 uiuit
1093 786 1180 841 finem
1197 803 1253 841 non
1261 803 1284 841 75

320 869 441 937 habebit,
460 872 487 924 et
504 871 568 925 dico
587 873 653 939 quia
668 872 717 925 diu
734 875 786 926 est.
811 871 873 926 Nos
890 870 1053 938 Christiani,
1071 871 1171 939 quibus
1188 886 1253 938 pro-

321 955 439 1008 mittitur
449 956 506 1009 uita
517 957 636 1023 aeterna,
648 971 704 1009 non
714 956 851 1011 debemus
860 956 1021 1024 intellegere
1032 955 1107 1023 quod
1118 956 1254 1009 intellexit

321 1039 415 1092 nescio
434 1040 496 1106 quis
514 1041 610 1094 auctor
627 1055 809 1108 paganorum,
828 1042 875 1109 qui
894 1041 975 1094 dixit:
999 1038 1088 1107 Quid
1105 1041 1154 1093 est
1171 1040 1254 1093 enim

178 1137 303 1194 nucinum
320 1123 379 1176 hoc
400 1124 503 1191 ipsum
522 1124 589 1192 diu,
610 1125 640 1177 in
662 1139 723 1192 quo
743 1128 794 1178 est
813 1125 936 1194 aliquid
956 1124 1148 1178 extremum?
1171 1122 1253 1178 Tolle

177 1186 300 1266 ςῗῖζίξῖξῇῗῖἓ.
321 1205 417 1274 tinem,
436 1209 464 1260 et
482 1223 605 1276 agnosco
623 1208 844 1275 diuturnitatem
867 1211 891 1264 si
911 1212 1002 1263 autem
1020 1207 1139 1277 apponis
1157 1207 1285 1276 tinemut

219 1285 262 1321 gun.
320 1291 455 1345 conuinco
468 1291 641 1346 breuitatem.
661 1291 737 1361 Ergo
750 1293 870 1360 psallam
882 1293 937 1347 deo
950 1308 1020 1360 meo,
1034 1292 1166 1361 quamdiu
1177 1292 1253 1347 uiuo.

320 1372 365 1427 Sic
382 1374 515 1429 debemus
533 1376 654 1444 accipere
672 1377 763 1444 ipsum
779 1376 838 1444 diu,
855 1378 886 1430 ut
902 1392 966 1431 uere
984 1376 1093 1442 sitdiu,
1110 1373 1254 1443 Quamdiu

320 1459 395 1513 uiuo.
424 1459 500 1528 Ergo
519 1477 628 1529 semper
648 1462 713 1529 quia
732 1462 807 1528 uiuo,
828 1461 903 1515 refer
923 1461 959 1515 ad
980 1460 1061 1514 illud:
1089 1458 1179 1515 Beati
1200 1461 1253 1529 qui

320 1543 470 1598 habitant
493 1545 524 1597 in
547 1544 642 1599 domo
665 1547 730 1613 tua,
755 1546 786 1598 in
811 1546 939 1602 saecula
962 1544 1162 1599 saeculorum
1186 1544 1253 1599 lau·

320 1627 443 1682 dabunt
461 1631 500 1682 te.
526 1628 588 1682 Hoc
607 1629 758 1697 praemium
777 1630 865 1682 sancti
884 1632 1017 1696 martyres
1036 1630 1206 1695 amauerunt,
1225 1630 1284 1682 etse

320 1713 442 1767 amando
459 1714 544 1767 uitam
560 1714 630 1768 mori
645 1713 802 1768 uoluerunt.
824 1711 900 1781 Quia
916 1728 984 1781 ergo
1000 1713 1137 1781 patienter
1152 1713 1253 1767 mortui

320 1799 392 1864 sunt,
409 1813 517 1851 amasse
531 1797 596 1851 illos
611 1798 715 1865 putatis
730 1799 855 1852 mortem.
876 1796 967 1864 hhsit
982 1797 1068 1850 uitam
1083 1799 1253 1864 amnuerunt,

319 1883 405 1935 uitam
418 1882 659 1935 desiderauerunt:
676 1883 770 1935 uiuere
783 1882 843 1935 sine
853 1883 944 1935 'morte
955 1881 1112 1948 uoluerunt,
1125 1881 1170 1949 qui
1182 1881 1253 1935 mori

319 1982 371 2034 pro
386 1967 444 2020 uita
460 1966 613 2034 elegerunt3
632 1968 838 2020 contemserunt
854 1966 930 2034 quod
946 1981 1002 2019 non
1017 1967 1060 2019 est
1075 1965 1132 2032 diu,
1147 1967 1178 2019 ut
1193 1981 1252 2034 per-

318 2051 445 2104 uenirent
464 2050 500 2103 ad
520 2051 576 2104 diu.
1259 2068 1284 2106 9⁰

378 2135 404 2189 3.
420 2133 520 2199 Qualis
535 2137 580 2189 est
592 2138 684 2188 autem
698 2139 865 2202 persecutor,
881 2137 927 2203 qui
941 2135 1026 2202 uenit,
1041 2137 1068 2188 et
1082 2135 1157 2201 dicit,
1173 2134 1253 2202 Nega

319 2217 456 2282 Christum,
475 2221 499 2274 si
515 2236 571 2275 non
587 2221 630 2275 uis
647 2223 677 2274 ut
692 2221 816 2275 occidam
832 2221 879 2276 te?
908 2219 1027 2289 Propter
1042 2221 1130 2275 'uitam
1144 2220 1253 2288 negabo

319 2305 424 2359 uitam?
437 2307 550 2373 propter
561 2305 674 2359 breuem
686 2307 772 2360 uitam
785 2306 894 2373 negabo
907 2307 1046 2358 aeternam
1058 2306 1163 2360 uitam?
1175 2304 1254 2369 Quid

319 2390 343 2441 si
359 2390 389 2441 tu
405 2387 471 2441 mihi
488 2388 572 2442 hodie
588 2389 685 2455 parcis,
702 2389 730 2442 et
744 2404 805 2441 cras
821 2405 864 2442 me
880 2388 968 2442 febris
984 2388 1104 2442 occidit?
1120 2387 1252 2451 Qui<d>

320 2472 386 2525 mihi
403 2472 536 2525 minando
551 2474 668 2525 mortem
683 2473 726 2524 uis
742 2471 840 2526 tollere
856 2472 963 2527 iidem?
986 2470 1015 2526 Si
1031 2488 1073 2525 me
1089 2471 1197 2526 occidat
1212 2472 1283 2526 loos

319 2556 386 2622 briS,
403 2555 491 2608 iidem
507 2571 563 2608 non
578 2555 661 2610 tollit.
683 2555 747 2609 Vita
763 2557 825 2623 ista,
842 2572 923 2624 quam
939 2558 965 2609 te
980 2555 1050 2609 dicis
1066 2556 1180 2622 donare,
1196 2571 1252 2609 non

320 2642 361 2692 est
380 2640 407 2692 in
424 2641 471 2692 tua
489 2641 638 2707 potestate:
657 2655 713 2694 non
731 2655 798 2707 ergo
816 2643 929 2709 propter
945 2641 1022 2694 illam
1040 2642 1149 2709 negabo
1166 2642 1252 2696 uitam

320 2725 471 2792 Christum,
488 2727 516 2778 in
531 2727 670 2793 potestate
685 2725 832 2779 habentem
848 2728 875 2778 et
890 2727 1007 2779 mortem
1023 2728 1050 2779 et
1064 2726 1158 2780 uitam.
1176 2725 1252 2794 Ergo

318 2825 380 2862 eum
400 2808 518 2876 negabo,
537 2810 582 2876 qui
602 2809 734 2877 quamdiu
751 2810 812 2863 uult
830 2809 873 2863 hic
890 2811 965 2876 uiuo,
984 2825 1040 2863 non
1060 2811 1192 2878 quamdiu
1209 2810 1252 2864 hic

318 2894 361 2946 uis
378 2893 427 2947 tu?
450 2892 561 2946 Etcum
576 2893 620 2945 hic
635 2893 746 2946 desiero
761 2895 864 2960 uiuere,
881 2894 916 2947 ad
932 2893 1011 2947 illum*
1025 2894 1117 2960 uentu,
1132 2894 1180 2947 ubi
1196 2910 1252 2949 non
1261 2910 1296 2949 mo

319 2979 361 3030 est
377 2978 430 3030 nisi
445 2977 547 3032 uiuere.
570 2976 648 3044 Ecce,
663 2979 687 3030 si
703 2994 759 3031 non
774 2979 929 3045 negaueris,
944 2978 1041 3032 occido
1055 2980 1091 3031 te.
1113 2976 1176 3032 Scio
1191 2980 1252 3046 quis

167 3062 451 3129 Mo{seuwur-loquitur,
475 3077 524 3128 per
543 3063 570 3114 te
593 3062 678 3115 modo
700 3061 767 3115 mihi
789 3062 867 3115 dicit:
891 3061 979 3130 Nega,
1002 3063 1029 3114 et
1050 3078 1106 3115 non
1128 3063 1253 3116 moreris.

175 3121 302 3207 'yrssssisslffisessf''
321 3144 412 3213 Prope
427 3145 480 3198 hoc
494 3147 521 3198 et
535 3147 599 3198 tunc
614 3146 680 3199 mihi
696 3146 777 3199 dixit:
793 3145 897 3218 Tange,
913 3148 941 3199 et
955 3161 1011 3199 non
1026 3146 1151 3201 moreris.
1167 3146 1252 3201 Nolui

318 3232 391 3296 tunc,
406 3229 491 3283 modo
503 3245 588 3284 cauco
601 3233 637 3284 te.
652 3229 728 3297 Ergo
742 3230 949 3298 qualiscumque
962 3230 1051 3284 dulcis
1064 3232 1107 3284 est
1119 3232 1177 3284 uita
1190 3232 1251 3298 ista,

318 3319 346 3371 et
362 3333 444 3371 nemo
459 3333 519 3370 eam
535 3317 595 3370 uult
611 3316 694 3369 linire
711 3331 912 3370 aerumnosam.
928 3314 957 3369 Si
973 3331 1060 3384 usque
1076 3315 1147 3369 adeo
1163 3314 1251 3369 dulcis
1261 3325 1294 3363 1⁰5

318 3403 361 3455 est
372 3401 580 3469 qualiscumque
590 3401 656 3467 uita,
668 3400 758 3469 qualis
770 3402 812 3454 est
823 3401 871 3454 illa
882 3400 948 3468 uita,
960 3399 1061 3454 fratres
1073 3399 1145 3453 mei?
1156 3398 1252 3453 Atten-

320 3521 370 3574 138
