2819 4040
479 327 510 364 lx.
523 325 554 365 De
567 324 652 365 secunda
664 324 711 364 feria
725 325 811 365 Paschae

179 453 274 518 passio
289 452 439 521 legebatur.
454 451 486 505 Si
502 451 605 504 Filius
621 452 679 507 Dei
694 456 752 522 est,
767 451 943 508 descendat
956 450 995 505 de
1008 463 1110 513 cruce,

178 531 1113 604 etcredimusei.SilfiliusDeiestsaluumfacieteumdudie·

178 618 226 672 bat
244 621 306 686 ista,
324 623 351 674 et
368 619 489 684 tacebat;
508 634 559 685 pro
578 621 630 673 ista
648 621 802 675 dicentibus
821 621 940 689 petebat,
960 621 987 673 et
1005 634 1036 671 se
1054 631 1111 670 non

178 703 353 758 ostendebat.
376 703 407 757 ln
421 704 476 756 alio
492 704 594 771 quippe
608 707 753 773 euangelio
768 706 963 773 scriptumest,
979 702 1110 772 quoniam

146 787 343 840 ³⁰exclamauit
360 803 412 854 pro
429 788 478 854 eiS,
497 789 524 840 et
542 789 588 854 ait,
608 788 702 842 Pater
719 791 851 856 ignosce
869 789 947 855 illis,
967 788 1040 855 quia
1058 802 1111 839 ne·

179 871 284 923 sciunt
300 870 376 936 quid
392 871 524 923 faciunt.
543 871 662 924 Videbat
679 874 716 925 ibi
733 889 799 925 suos
816 873 935 938 futuroS,
950 870 1064 925 uidebat
1080 871 1109 923 in

178 969 208 1006 se
220 955 352 1006 continuo
365 954 528 1020 credituros,
542 955 610 1022 ipsis
623 956 736 1010 uolebat
749 957 864 1024 ignosci.
878 955 971 1022 Caput
984 958 1110 1009 nostrum

179 1037 206 1090 in
226 1053 304 1090 cruce
323 1037 471 1105 pendebat,
492 1039 543 1091 sed
563 1040 684 1094 membra
704 1056 754 1093 sua
775 1042 803 1093 in
822 1042 895 1092 terra
914 1038 1108 1106 cognoscebat.

238 1134 263 1188 2.
286 1132 358 1186 Cum
380 1133 517 1201 legeretur
539 1134 609 1187 liber
629 1134 748 1189 Actuum
771 1133 971 1202 apostolorum,
994 1133 1032 1186 ibi
1055 1135 1109 1186 iam

145 1229 169 1267 35
178 1216 296 1270 audistis
318 1217 552 1285 quemadmodum
571 1234 632 1272 cum
654 1221 826 1285 mirarentur,
848 1218 894 1284 qui
916 1219 1108 1283 conuenerant,

179 1300 324 1367 apostolos
342 1303 369 1354 et
384 1317 433 1354 eos
451 1303 574 1370 quicum
591 1304 659 1371 ipsis
676 1306 754 1357 erant
771 1303 916 1369 loquentes
934 1300 1036 1368 linguis
1052 1316 1110 1354 om-

178 1386 254 1437 nium
274 1386 398 1452 gentium
418 1401 486 1453 quas
508 1402 564 1440 non
585 1387 750 1454 didicerant,
772 1387 926 1453 inspirante
947 1386 974 1437 et
994 1383 1109 1437 docente

178 1469 278 1536 spiritu
297 1471 393 1523 sancto
413 1486 492 1537 quern
512 1473 680 1538 acceperant,
700 1472 843 1538 stupentes
863 1468 1024 1521 miraculum
1044 1467 1110 1520 allo-

178 1554 256 1604 cutus
271 1554 313 1605 est
327 1551 424 1613 Petrus
439 1554 592 1620 apostolus,
607 1557 634 1608 et
647 1556 777 1622 exposuit
790 1554 839 1619 eis,
854 1553 918 1619 quia
932 1552 986 1618 ipsi
1000 1550 1111 1617 quidem

146 1651 171 1689 ao
178 1650 227 1701 per
241 1636 428 1703 ignorantiam
441 1637 565 1691 fecerunt
579 1639 681 1692 malum
695 1638 780 1703 istud,
795 1635 871 1704 quod
886 1636 1029 1689 dominum
1043 1636 1111 1688 occi-

178 1720 289 1786 derunt,
314 1721 383 1774 deus
404 1724 497 1775 autem
517 1722 643 1789 impleuit
664 1721 880 1788 dispositionem
901 1734 988 1785 suam,
1009 1721 1040 1771 ut
1060 1733 1111 1785 pro

177 1805 239 1857 toto
260 1804 364 1858 mundo
383 1806 498 1872 sanguis
518 1806 650 1858 innocens
671 1804 844 1870 funderetur,
866 1806 893 1856 et
913 1803 1037 1856 omnium
1056 1817 1111 1867 cre-

178 1888 302 1941 dentium
321 1891 432 1956 peccata
450 1890 619 1943 delerentur:
645 1891 710 1956 quia
729 1888 777 1941 ille
795 1890 838 1941 est
857 1889 990 1953 mortuus,
1010 1887 1038 1939 in
1057 1900 1112 1953 quo

178 1974 317 2038 peccatum
335 1989 392 2026 non
409 1974 500 2041 potuit
517 1974 644 2026 inueniri.
667 1971 827 2025 Tenebatur
844 1971 936 2024 cautio
954 1972 1112 2024 nostrorum

145 2062 169 2099 45
178 2058 360 2123 peccatorum,
373 2056 486 2110 tenebat
497 2059 593 2110 contra
599 2052 610 2126 ΙΙ
624 2072 675 2109 nos
689 2055 879 2123 chirografum
892 2054 1034 2120 diabolus3
1048 2066 1154 2121 pos-roi.
1166 2069 1190 2106 55

178 2139 288 2193 sidebat
311 2156 381 2207 qnos
403 2141 558 2208 deceperat,
582 2140 703 2193 habebat
727 2155 797 2206 quos
820 2140 932 2193 uicerat.
963 2137 1112 2192 Debitores

178 2239 274 2277 omnes
297 2239 414 2291 eramus,
436 2240 497 2277 cum
519 2224 620 2278 debito
639 2224 808 2277 hereditario
831 2239 928 2277 omnes
951 2223 1110 2275 nascuntur:

179 2308 259 2360 fusus
284 2310 326 2361 esf
349 2310 462 2376 sanguis
488 2310 547 2362 sine
571 2310 693 2376 peccato,
719 2310 746 2361 et
770 2307 875 2361 deleuit
898 2308 1054 2361 cautionem
1077 2306 1113 2360 de

179 2394 298 2458 peccato.
315 2391 359 2444 llli
373 2407 440 2459 ergo
454 2394 500 2460 qui
515 2392 646 2459 loquente
661 2391 744 2445 Petro
757 2392 941 2457 crediderant,
956 2392 983 2443 in
997 2389 1113 2444 Actibus

145 2486 170 2523 50
179 2475 379 2542 apostolorum,
403 2476 559 2529 conturbati
583 2477 720 2542 dixerunt,
745 2475 830 2539 Quid
854 2475 1022 2540 faciemuS,
1046 2475 1114 2528 fra-

178 2560 264 2612 ires?
283 2560 382 2612 dicite
400 2560 503 2613 nobis
530 2559 725 2627 Desperabant
743 2561 815 2613 enim
834 2562 941 2613 tantum
960 2558 1040 2612 nefas
1060 2557 1113 2611 sibi

178 2659 262 2710 posse
279 2644 391 2697 dimitti.
416 2644 452 2697 Et
469 2645 572 2697 dictum
590 2647 632 2696 est
649 2644 716 2696 illis:
739 2644 836 2711 ¹Agite
848 2644 1112 2712 paenitentiam,

179 2730 208 2780 et
221 2728 405 2794 baptizetur
416 2731 637 2795 unusquisque
650 2730 791 2781 uestrum
805 2729 836 2781 in
850 2729 977 2781 nomine
991 2727 1113 2781 domini

178 2813 282 2864 nostri
308 2811 379 2864 lesu
402 2811 538 2878 Christi,
562 2814 592 2864 et
615 2814 821 2864 remittuntur
844 2813 974 2878 peccata
998 2814 1112 2864 uestra.

146 2907 170 2944 55
177 2895 259 2962 Quae
276 2896 406 2963 peccata?
428 2897 529 2948 omnia.
555 2894 697 2958 Quantum
715 2896 828 2948 omnia?
851 2897 879 2947 et
896 2895 948 2949 hoc
964 2897 1020 2949 tam
1038 2910 1113 2961 mag-

179 2996 252 3046 num,
265 2979 340 3047 quod
351 2979 492 3032 occidistis
504 2978 656 3033 Christum.
675 2978 752 3041 Quid
764 2980 837 3032 enim
849 2979 1009 3032 sceleratius
1021 2979 1112 3032 facere

178 3064 318 3129 potuistis
335 3078 416 3130 quam
432 3063 507 3129 quod
522 3066 645 3116 uestrum
661 3064 812 3116 creatorem
828 3078 879 3131 pro
895 3062 976 3116 uobis
991 3064 1111 3116 creatum
1120 3075 1136 3103 1¹1
1150 3073 1211 3104 uuacro
1221 3081 1264 3111 rere-

178 3148 339 3201 occidistis?
356 3146 433 3209 Quid
442 3148 556 3213 grauius
567 3148 659 3214 potuit
669 3148 761 3199 facere
772 3147 931 3214 freneticus,
944 3163 1025 3215 quam
1036 3145 1112 3214 quod
1118 3121 1265 3201 'Jffiffi

178 3231 213 3283 ab
232 3231 281 3284 illo
298 3233 405 3284 occisus
422 3232 464 3283 est
482 3231 625 3284 medicus?
650 3228 806 3283 Dimittitur
822 3235 915 3284 tamen
934 3234 961 3283 ct
978 3232 1037 3296 lroc,
1056 3230 1112 3282 dic·
1140 3219 1241 3257 ‘mmm’

146 3317 236 3368 coium
257 3317 300 3367 est
320 3315 387 3367 illis:
409 3316 501 3367 omnia
523 3315 707 3367 dimittuntur.
735 3312 879 3381 Saeuistis,
901 3317 929 3368 et
950 3316 1111 3380 sanguinem

179 3401 352 3454 innocentem
374 3399 500 3453 fudistis:
526 3398 639 3465 credite,
661 3402 687 3452 et
708 3398 795 3453 bibite
818 3400 894 3467 quod
916 3399 1038 3452 fudistis.
1056 3398 1111 3451 llli

1078 3517 1110 3571 31
