2819 4040
651 333 669 373 S.
684 335 787 383 Augustini
802 337 892 375 tractatus

322 460 437 525 quisque
451 458 627 510 Christianus
641 461 827 527 interrogatur
840 465 866 515 in
879 460 962 514 corde
975 475 1034 513 su0.
1053 458 1176 523 Quando
1188 476 1255 527 ergo

321 543 400 593 audis
419 543 562 595 dominum
579 544 724 609 dicentem,
743 544 824 598 Petre
842 562 917 599 amas
935 544 996 597 mc?
1020 544 1160 610 speculum
1179 546 1253 611 puta,

320 629 347 677 et
361 628 472 679 attende
487 628 523 679 ibi
537 631 572 679 te.
594 626 666 679 Nanr
681 629 746 694 quid
761 630 838 683 aliud
852 634 910 698 ipse
926 629 1023 682 Petrus
1037 644 1118 695 quam
1133 629 1286 695 figuramrs

199 705 223 725 ⁸⁶³
247 703 274 725 '³²'
319 711 432 776 gerebat
446 712 596 765 ecclesiae?
617 711 754 764 Dominus
768 730 836 781 ergo
850 716 961 783 quando
977 713 1087 766 Petrum
1101 715 1253 779 interroga·

236 1478 271 1514 tol.
285 1479 305 1514 Sl

172 1564 241 1593 Obeunie
254 1563 299 1592 Petro

188 1620 218 1641 non
225 1611 281 1641 defecit

162 1662 228 1697 poteslas
235 1660 307 1689 clauiurn,

174 3095 290 3125 Innumerabilia

160 3147 236 3182 pastorum
251 3153 304 3174 nume-

160 3201 185 3223 rus
192 3194 210 3223 ad
218 3201 264 3223 unum
270 3201 304 3222 cor-

159 3250 188 3278 pus
197 3242 243 3271 unlus
253 3243 304 3278 pasto·

178 3290 198 3319 ris
207 3289 285 3326 redigitur.

319 794 374 859 bat,
388 810 438 846 nos
451 796 649 861 interrogabat,
662 796 804 849 ecclesiam
817 798 1014 865 interrogabat.
1034 796 1105 848 Nam
1117 799 1147 849 ut
1159 796 1252 849 sciatis

320 876 431 929 Petrum
453 879 574 945 figuram
594 879 725 931 ecclesiae
746 885 883 949 portasse,
905 883 994 935 locum
1016 880 1093 933 illum
1114 881 1252 946 euangelii

319 962 441 1014 recolite:
463 962 509 1014 Tu
529 979 561 1015 es
583 962 708 1029 Petrus,
729 966 759 1015 et
779 980 876 1031 super
895 966 974 1018 hanc
994 968 1114 1033 petram
1135 963 1252 1017 aedifi-

318 1045 397 1096 cabo
416 1047 584 1099 ecclesiam
602 1062 714 1110 meam,
734 1049 764 1099 et
783 1052 895 1114 portae
915 1050 1089 1102 inferorum
1103 1065 1165 1101 non
1183 1050 1285 1101 uin-50

317 1132 388 1180 cent
401 1145 479 1194 eam;
492 1131 552 1182 tibi
566 1131 649 1182 dabo
662 1132 769 1183 claues
783 1135 873 1198 regni
887 1133 1053 1186 caelorum.
1074 1131 1154 1185 Unus
1167 1132 1251 1184 homo

318 1215 423 1279 accipit.
438 1212 518 1276 Quae
531 1217 586 1267 sint
598 1216 670 1266 eninr
683 1215 775 1267 claues
789 1219 866 1282 regni
879 1217 1026 1283 caelorum,
1040 1218 1099 1283 ipse
1112 1216 1251 1283 exposuit:

317 1294 405 1357 Quae
423 1298 607 1364 ligaueritis
625 1300 655 1349 in
672 1302 767 1364 terra,
785 1302 876 1352 erunt
893 1301 994 1366 ligata
1010 1303 1041 1353 et
1057 1303 1087 1352 in
1104 1301 1204 1363 caelo;
1221 1302 1251 1352 et

318 1396 396 1445 quae
416 1382 584 1434 solueritis
603 1383 632 1433 in
651 1384 747 1448 terra,
767 1382 874 1436 soluta
893 1386 985 1436 erunt
1003 1386 1032 1436 et
1050 1385 1081 1435 in
1099 1384 1196 1436 caelo.
1221 1380 1250 1435 Si

316 1466 363 1516 uni
379 1463 462 1517 Petro
476 1466 578 1518 dictum
592 1467 642 1531 est,
657 1466 734 1521 solus
748 1467 800 1518 hoc
814 1467 880 1520 iecit
896 1466 1005 1521 Petrus:
1020 1468 1097 1534 obiit,
1109 1464 1119 1539 ΙΙ
1128 1472 1155 1521 et
1172 1468 1250 1531 abiit;
1259 1479 1282 1515 55

317 1551 379 1616 quis
397 1567 463 1617 ergo
481 1552 556 1618 ligat,
574 1552 634 1617 quis
652 1551 756 1605 soluit?
778 1551 878 1605 Audeo
895 1552 994 1618 dicere,
1011 1553 1103 1605 claues
1120 1554 1187 1605 istas
1204 1551 1250 1604 ha·

317 1635 413 1687 bernus
430 1638 457 1687 et
473 1652 533 1689 nos.
558 1635 592 1687 Et
609 1636 675 1702 quid
692 1636 801 1689 dicam?
824 1635 898 1698 Quia
915 1652 966 1689 nos
983 1637 1110 1702 ligamus
1127 1652 1178 1689 nos
1195 1636 1249 1688 sol-

317 1720 427 1772 uimus?
449 1719 553 1786 ligatis
573 1721 599 1771 et
619 1735 679 1784 uos,
701 1720 811 1771 soluitis
833 1723 860 1772 ei
880 1735 940 1773 uos,
969 1718 1024 1781 Qui
1045 1721 1118 1771 eninr
1140 1720 1248 1786 ligatur,

317 1819 332 1854 a
349 1805 443 1855 uestro
455 1804 596 1855 consortio
607 1806 760 1869 separatur:
773 1805 871 1855 etcum
883 1819 898 1854 a
912 1805 1005 1854 uestro
1017 1804 1159 1855 consortio
1171 1818 1249 1868 sepa-

316 1889 400 1952 ratur,
419 1888 527 1939 auobis
545 1888 656 1953 ligatur:
675 1889 702 1938 et
720 1887 832 1953 quando
850 1886 1049 1952 reconciliatur,
1069 1886 1176 1938 auobis
1194 1886 1281 1938 sol-ou

315 1971 397 2036 uitur,
414 1972 478 2037 quia
493 1974 519 2023 et
535 1988 550 2023 a
564 1970 644 2022 uobis
660 1971 729 2022 deus
745 1986 795 2037 pro
812 1970 861 2023 illo
876 1973 998 2036 rogatur.

375 2067 400 2120 3.
412 2066 519 2143 Omnes
529 2069 600 2120 enim
611 2066 754 2120 Christum
765 2083 897 2133 amamus,
908 2067 1031 2120 membra
1041 2069 1129 2134 ipsius
1140 2082 1247 2132 sumus;

315 2152 341 2202 et
357 2166 418 2202 cunr
435 2151 481 2202 ille
497 2151 672 2203 commendat
688 2166 755 2203 oues
772 2150 940 2218 pastoribus
957 2151 1093 2216 redigitur
1108 2153 1183 2203 totus
1199 2165 1247 2202 nu-

315 2250 405 2286 merus
421 2238 563 2301 pastorum
576 2234 612 2287 ad
625 2250 725 2302 corpus
739 2237 819 2287 unius
834 2236 963 2302 pastoris.
985 2234 1056 2287 Nam
1070 2237 1100 2287 ut
1114 2235 1246 2287 noueritis

315 2334 425 2370 omnem
447 2334 588 2372 numerum
607 2321 751 2385 pastorum
772 2320 861 2385 redigi
883 2318 919 2370 ad
939 2333 1024 2370 unum
1044 2333 1144 2384 corpus
1165 2320 1279 2370 uniusne

315 2403 445 2468 pastoris,
465 2404 536 2454 certe
554 2404 649 2468 pastor
668 2400 774 2467 Petrus
794 2402 875 2468 plane
895 2404 1000 2468 pastor:
1019 2404 1115 2467 pastor
1135 2400 1246 2467 Paulae,

315 2487 353 2537 ita
372 2502 438 2537 sane
457 2489 562 2552 pastor:
583 2486 721 2538 Iohannes
740 2488 844 2552 pastor,
864 2485 979 2538 lacobus
998 2489 1101 2552 pastor,
1120 2485 1247 2538 Andreas

315 2571 419 2635 pastor,
440 2571 466 2621 et
484 2570 566 2621 ceteri
587 2570 709 2636 apostoli
729 2572 864 2636 pastores.
892 2567 997 2621 Omnes
1017 2570 1103 2621 sancti
1124 2570 1247 2635 episcopi

315 2656 379 2704 sunt
389 2656 461 2705 certe
472 2656 606 2719 pastores
618 2654 656 2705 ita
667 2654 757 2719 plane.
771 2653 806 2705 Et
817 2653 959 2720 quomodo
969 2668 1064 2705 uerum
1076 2656 1126 2719 est,
1138 2652 1177 2705 Et
1187 2655 1248 2705 erit

314 2751 395 2788 unus
408 2752 485 2802 grex
497 2740 527 2789 et
540 2752 619 2789 unus
633 2738 764 2803 pastor?
785 2736 872 2789 Porro
886 2737 908 2787 sl
922 2751 1017 2788 uerum
1031 2739 1081 2802 est,
1096 2735 1156 2788 Erit
1172 2747 1278 2793 ,1111115111

313 2836 381 2886 grex
395 2823 421 2872 et
433 2835 503 2872 unus
517 2823 620 2887 pastor,
634 2822 724 2872 omnis
739 2820 947 2872 innumerabilis
961 2823 1103 2886 pastorum
1117 2834 1245 2872 numerus

314 2904 350 2956 ad
373 2920 473 2971 corpus
496 2907 576 2956 unius
599 2906 720 2970 pastoris
743 2904 886 2971 redigitur.
909 2902 964 2956 Sed
987 2904 1024 2957 ibi
1047 2906 1114 2957 estis
1138 2907 1165 2957 et
1186 2919 1246 2969 1105,

313 2988 436 3040 membra
446 2989 535 3055 ipsius
545 2991 619 3042 estis,
638 2987 701 3056 ipsa
712 2990 834 3042 membra
844 2988 1030 3054 conculcabat,
1041 2988 1154 3057 quando
1171 2990 1248 3055 caput

313 3089 364 3139 pro
390 3074 448 3125 suis
471 3073 600 3124 membris
624 3073 769 3139 clamabat,
794 3072 894 3126 Saulus
919 3073 965 3125 ille
990 3075 1053 3125 ante
1078 3074 1245 3139 persecutor,

313 3159 411 3223 postea
427 3157 609 3223 praedicator,
625 3157 757 3209 anhelans
772 3158 893 3223 caedem,
909 3157 1047 3209 differens
1065 3156 1160 3209 tidem.
1184 3155 1277 3208 Uuars

313 3256 380 3293 uoce
399 3242 555 3307 prostratus
572 3242 614 3291 est
630 3243 705 3294 totus
723 3243 782 3293 eius
801 3243 928 3308 impetus.
953 3239 1016 3303 Qua
1034 3240 1121 3293 uoce?
1138 3238 1244 3306 Saule,

313 3324 419 3390 Saule,
442 3323 519 3390 quid
539 3339 584 3375 me
605 3325 829 3391 persequeris?
857 3323 999 3391 Numquid
1021 3322 1121 3376 Saulus
1141 3322 1185 3376 uel
1208 3323 1245 3375 la·

313 3409 406 3475 pidem
419 3410 515 3475 posset
526 3408 632 3459 mittere
644 3409 680 3460 ad
690 3409 803 3474 caeluni,
815 3409 862 3461 ubi
875 3408 953 3459 sedet
966 3407 1062 3460 lesus?
1080 3405 1149 3459 Esto
1160 3407 1245 3459 fuerit

313 3527 347 3579 62
