2819 4040
451 334 519 373 XXIV.
534 335 564 372 De
579 334 642 374 natale
656 346 681 375 ss.
691 336 753 385 apost.
763 334 814 373 Petri
827 336 847 373 el
860 335 914 373 Pauli

236 462 307 514 stat.
323 459 440 514 Bonum
453 462 612 512 certamen
625 462 754 515 certaui.
770 459 848 524 Quid
861 461 1007 527 prodesset
1019 460 1165 524 certamen,

194 556 229 593 rso
237 546 289 597 nisi
303 545 418 598 uictoria
431 545 610 610 sequeretur?
624 543 700 599 Dicis
714 548 778 614 quia
791 546 909 611 certasti,
924 546 967 598 dic
980 545 1054 599 unde
1067 544 1166 598 uicisti.

236 629 302 682 nno
317 629 378 682 loco
392 629 541 696 interroga.
556 627 687 684 Gratias
702 631 773 697 deo,
789 630 841 697 qui
856 628 945 683 dedit
959 630 1052 683 nobis
1066 631 1167 683 uicto-

236 715 313 766 riam
326 729 382 781 per
393 712 555 765 dominum
567 716 709 768 nostrum
724 714 825 768 lesum
839 713 1011 769 Christum.
1030 713 1166 769 Cursum

235 798 461 850 consummaui.
476 795 520 849 Tu
533 811 641 850 cursum
655 798 871 852 consummasti?
893 795 1068 866 Recognosce
1083 796 1165 852 illud:

236 880 307 935 Non
320 881 474 947 uolentis,
487 896 586 948 neque
598 885 766 951 currentis,
780 884 836 936 sed
849 884 1031 937 miserentis
1044 887 1092 937 est
1104 884 1164 937 dei.

192 977 226 1014 185
237 964 289 1018 Dic
307 966 391 1032 aliud,
411 965 520 1019 Fidem
539 970 674 1023 seruaui.
698 968 830 1034 Seruasti,
848 968 1006 1021 custodisti:
1025 968 1076 1021 sed
1093 968 1165 1021 Nisi

237 1049 386 1103 dominus
403 1050 597 1104 custodierit
611 1053 782 1106 ciuitatem.
797 1095 803 1107 .
819 1095 824 1106 .
840 1095 846 1106 .
866 1051 904 1105 Ut
921 1067 987 1119 ergo
1003 1051 1092 1105 iidem
1109 1067 1319 1124 ser-camaranum

234 1148 323 1199 nares,
338 1133 385 1186 ille
399 1134 514 1200 adiuuit,
529 1136 575 1201 qui
589 1137 752 1203 coapostolo
766 1139 823 1202 tuo,
837 1152 898 1189 cum
913 1152 967 1204 quo
980 1151 1064 1190 unum
1078 1136 1164 1189 habes
1178 1119 1310 1195 aaaetffiions

235 1219 375 1285 passionis
387 1218 469 1285 diem,
481 1219 559 1286 dixit,
571 1221 646 1288 quod
657 1223 684 1274 in
696 1222 843 1288 euangelio
855 1221 959 1287 legisti:
972 1220 1039 1287 Ego
1050 1221 1164 1288 rogaui

234 1317 290 1368 pro
302 1303 344 1369 te,
358 1300 462 1369 Petre,
476 1319 512 1356 ne
525 1304 660 1358 deficiat
672 1306 832 1362 tidesttua.
850 1305 937 1372 Exige
950 1321 1026 1371 ergo,
1039 1308 1164 1372 paratum

191 1388 276 1439 rooest
290 1387 449 1452 praemium.
467 1385 526 1454 Dic,
544 1387 651 1442 Bonum
664 1392 802 1443 certamen
818 1391 929 1455 certaui,
945 1403 1039 1441 uerum
1055 1389 1161 1444 <est>:

232 1485 341 1523 cursum
358 1472 556 1539 consummaui,
573 1487 668 1527 uerum
686 1475 739 1526 est:
758 1473 846 1525 fidem
863 1473 982 1537 seruaui,
999 1486 1095 1525 uerum
1112 1474 1162 1524 est.

234 1553 276 1607 De
291 1557 382 1608 cetero
398 1559 524 1623 superest
539 1557 605 1609 milri
620 1573 724 1610 corona
739 1557 869 1622 iustitiae,
886 1570 967 1622 quam
983 1554 1082 1608 reddet
1097 1554 1162 1607 mihi

172 1686 173 1689 ,
231 1639 361 1692 dominus
374 1641 401 1692 in
414 1640 462 1693 illa
474 1641 519 1693 die
532 1642 619 1694 iustus
632 1642 723 1694 iudex.
739 1640 827 1707 Exige
839 1639 916 1707 quod
928 1638 1055 1692 debetur:
1067 1640 1163 1703 parata
1171 1660 1214 1689 rur
1224 1659 1277 1689 nean
1287 1659 1316 1693 ner

231 1728 281 1792 est,
301 1742 415 1793 prorsus
434 1730 530 1794 parata
548 1730 591 1780 est
608 1742 711 1781 corona
730 1728 789 1779 tua:
809 1724 859 1778 sed
878 1725 1016 1777 memento
1032 1725 1099 1791 quia
1117 1723 1162 1776 dei
1198 1708 1288 1736 ‘¹⁰¹¹²⁵”'¹¹'

189 1818 223 1855 195
232 1809 306 1863 dona
320 1814 384 1864 sunt
396 1813 492 1864 merita
505 1815 560 1866 tua.

292 1974 301 2014 1
322 1974 378 2018 Vide
397 1974 490 2016 Praetat.
508 1974 536 2016 ad
555 1987 575 2016 n.
595 1974 678 2016 LXVll.
704 1973 789 2026 PAULI}
809 1973 858 2016 add.
878 1973 923 2016 llll.
943 1972 970 2016 (i.
995 1973 1009 2014 6
1026 1972 1122 2026 primus
1141 1972 1165 2014 et

231 2046 400 2098 nouissimus}
420 2048 445 2089 ut
463 2047 484 2088 in
504 2047 575 2090 Tract.
595 2046 708 2099 superiori,
727 2058 748 2088 n.
770 2047 792 2096 1;
818 2046 845 2088 ci.
865 2045 930 2088 etiam
950 2044 1017 2086 Serm.
1038 2045 1085 2095 298,
1104 2057 1125 2086 n.
1141 2044 1163 2084 1:

232 2116 320 2168 ,Beatus
342 2117 418 2161 Petrus
439 2119 522 2172 primus
543 2117 701 2172 apostolorum,
721 2117 800 2160 beatus
822 2117 902 2160 Paulus
922 2117 1056 2159 nouissimus
1078 2117 1165 2170 aposto-

231 2188 311 2240 lorum;
335 2190 372 2243 qui
388 2190 428 2233 rite
444 2190 558 2233 coluerunt
572 2202 623 2233 eum
640 2191 677 2243 qui
694 2190 755 2243 dixit,
774 2190 821 2245 Ego
839 2202 888 2232 sum
905 2190 994 2243 primus,
1011 2192 1033 2232 et
1050 2188 1098 2242 Ego
1113 2200 1162 2230 sum

231 2262 376 2304 nouissimus:
401 2262 427 2304 ad
445 2274 512 2304 unum
530 2263 588 2305 diem
605 2263 714 2317 passionis
731 2263 772 2305 sibi
789 2263 918 2305 occurerunt
933 2262 1015 2316 primus
1033 2262 1055 2304 ct
1071 2260 1164 2303 nouissi-

231 2334 296 2378 mus!
325 2335 351 2376 12
373 2333 511 2388 lohannes}
533 2336 674 2379 eexicorr.
704 2336 730 2376 14
744 2334 895 2387 infirmitas}
917 2334 944 2376 ci.
965 2334 1036 2378 Tract.
1058 2331 1164 2387 praeced,

231 2404 243 2449 l.
268 2407 318 2448 159:
346 2406 452 2459 ,Agnouit
472 2419 497 2448 sc
520 2405 633 2457 humilitas,
654 2407 742 2450 tremuit
762 2407 882 2459 infirmitas,
904 2405 1005 2449 contessa
1027 2407 1061 2448 cst
1080 2405 1163 2447 donum

231 2478 267 2520 dei
290 2478 386 2531 perfecta
410 2479 502 2523 caritas.‘
539 2481 566 2520 24
589 2480 665 2522 istam
688 2479 765 2533 uiam}
789 2481 846 2536 post.
871 2490 938 2532 praue
963 2490 1016 2520 corr.
1040 2478 1091 2519 ista
1113 2478 1162 2525 nia.

232 2551 258 2592 25
275 2550 415 2604 sectantes}
432 2553 533 2594 stantes
550 2551 581 2601 ῦς
604 2551 751 2594 emendationi
766 2563 829 2593 meae
844 2551 912 2593 iidem
928 2550 979 2593 iacit
994 2549 1062 2594 Serm.
1079 2549 1163 2604 279,1;

231 2623 287 2673 ,uiae
305 2622 341 2665 dei
362 2623 494 2667 sectatores‘
521 2625 548 2665 28
567 2624 631 2677 eum}
652 2624 679 2667 ci.
700 2623 735 2665 Ps.
756 2626 775 2675 2,
795 2624 809 2665 4
829 2635 869 2665 nec
889 2635 933 2664 non
953 2621 1070 2676 Augustini
1095 2621 1163 2664 Sermt

231 2695 279 2746 295,
294 2695 318 2736 6:
338 2694 432 2747 ‚anhelet
445 2696 542 2747 caedem,
557 2696 614 2740 sitiat
628 2696 770 2752 sanguinem:
791 2695 834 2745 Qui
849 2694 932 2738 habitat
946 2695 967 2737 in
982 2695 1053 2746 caelis,
1068 2693 1164 2737 irridebit

229 2767 294 2811 eum!
328 2768 356 2809 32
370 2768 564 2821 persequeris?}
593 2765 640 2811 Act.
656 2770 675 2821 9,
691 2770 710 2810 4.
745 2769 773 2810 37
787 2767 926 2823 apostolos
942 2767 969 2809 G.
998 2764 1160 2816 rememora}

229 2837 303 2882 reor.
320 2840 352 2891 12,
367 2841 399 2881 27.
439 2841 466 2882 46
485 2853 517 2894 sq.
538 2841 676 2893 pedes...
696 2840 856 2894 portaturos}
878 2839 994 2882 emendaui
1014 2852 1041 2882 ex
1060 2850 1161 2893 pes...

228 2912 386 2963 portaturus.
422 2911 548 2965 calcabat]
566 2913 652 2966 scripsi,
675 2912 799 2966 portabat
814 2911 836 2953 G
851 2913 931 2965 inepte.
967 2912 995 2954 50
1011 2909 1086 2963 bona}
1105 2908 1160 2952 Esai.

229 2983 262 3035 52,
276 2984 299 3033 7;
315 2982 377 3028 Rom.
392 2983 424 3036 10,
439 2984 471 3026 15.
497 2986 521 3026 51
536 2984 735 3029 cantabimusG.
758 2985 787 3028 53
801 2983 898 3037 eorum}
913 2984 990 3035 Pstis,
998 2985 1017 3026 5.
1037 2984 1063 3025 55
1073 2983 1161 3036 bapty-

229 3054 346 3099 zanldum.
375 3055 500 3109 Annania}
512 3069 540 3098 ex
550 3057 651 3099 Anania
660 3069 713 3099 corr.
742 3058 769 3099 57
778 3056 846 3110 tuos}
857 3069 886 3099 ex
896 3056 942 3100 Act.
953 3057 973 3111 9,
982 3057 1008 3098 13
1018 3067 1063 3098 non
1072 3053 1164 3098 totidem

227 3126 306 3170 uerbis.
327 3126 391 3180 quis}
406 3127 492 3181 scripsi3
512 3128 573 3181 quid
587 3128 614 3170 G.
635 3129 661 3169 58
676 3127 799 3180 Ananias}
814 3128 918 3171 hocloco
933 3127 959 3171 Ο.
981 3126 1164 3178 interpretatur

227 3200 295 3253 ouis}
313 3199 380 3244 Serm.
398 3201 445 3252 279,
457 3201 480 3242 2;
497 3200 600 3254 ,Ananias
617 3201 770 3254 interpretatur
785 3201 850 3244 ouis.‘
873 3201 898 3243 61
916 3199 1005 3254 rapax}
1022 3199 1077 3242 Gen.
1085 3200 1119 3251 49,
1127 3200 1161 3240 27.

226 3272 255 3313 62
279 3269 424 3325 Beniamin}
452 3271 514 3317 Rom.
537 3273 569 3325 11,
591 3273 609 3314 1.
654 3273 683 3314 64
707 3272 789 3326 escas}
817 3272 873 3317 Gen.
895 3274 929 3325 49,
949 3274 982 3315 27.
1027 3283 1118 3314 aescas
1139 3273 1161 3312 2⁰

228 3343 319 3389 locoG.
346 3346 370 3386 71
386 3344 526 3398 negationem
540 3356 584 3387 orn.
599 3343 626 3386 G.
653 3345 681 3386 72
694 3343 907 3398 potestisllCor.
922 3346 942 3399 3,
958 3345 976 3385 1.
991 3345 1010 3386 2.
1036 3342 1162 3385 isunna-

228 3416 291 3469 nias}
313 3428 327 3458 n
349 3418 371 3458 2⁰
391 3416 439 3459 loco
459 3429 475 3459 s.
497 3417 510 3459 l.
532 3416 602 3471 suppl.
642 3417 709 3459 inter
729 3428 819 3459 manus
841 3418 957 3471 pastoris
979 3414 1114 3469 tremebat}
1135 3414 1162 3456 ci.

226 3548 247 3585 r·
1127 3525 1163 3578 99
