2819 4040
628 304 646 340 S.
656 304 759 351 Augustini
772 306 864 341 tractulus
881 304 894 342 l.

169 442 240 459 ‘¹
268 434 276 441 “’
325 449 329 478 ι
361 430 699 493 rritprctiumnostrum.
722 428 1229 495 idcosignoClrristisiguahrrbap-

212 492 217 509 ⁸
318 529 400 567 smus,
419 514 446 562 id
463 517 512 569 cst,
531 530 599 578 amm
618 516 664 564 ubi
682 516 848 578 tinguiruini,
865 516 891 565 et
909 515 985 579 quusi
1004 515 1030 563 in
1048 515 1114 563 muri
1135 511 1230 567 Rubro·

295 598 426 647 transitis.
450 596 562 647 Peccata
580 602 670 648 uestra
689 599 783 648 hostes
802 599 886 649 nestri
905 599 979 648 sunt:
1001 599 1159 662 scqmmtur,
1179 596 1271 647 sedass

294 696 379 744 usquc
402 682 435 730 ad
458 698 539 732 marc.
565 680 635 732 Cum
658 696 709 732 uos
732 683 909 740 intraucritis,
931 682 1064 743 crudetis,
1087 680 1133 730 illu
1154 679 1228 731 delc-

294 766 405 817 bnmur:
430 766 572 828 quomodo
592 765 775 815 enadcntibus
796 767 963 830 persiccum
986 762 1137 815 lsraliclitis
1158 778 1226 827 aquo

292 848 435 911 cooperuit
452 848 614 912 Aegyptios.
636 847 670 898 Et
686 848 752 913 quid
768 849 838 899 dixit
854 849 1007 913 scriptura?
1027 847 1115 899 Unus
1131 862 1167 897 ex
1182 848 1227 897 cis

293 948 354 981 non
375 933 537 983 remansit
569 930 690 982 peccasti
717 933 811 997 multa,
839 934 956 997 peccasti
983 947 1080 997 pauca:
1111 930 1226 997 peccasti

293 1030 400 1079 magna.
421 1016 537 1080 peccasti
556 1030 653 1080 parurn
675 1015 741 1080 quid
760 1015 795 1066 ad
813 1031 893 1067 unus
910 1032 947 1067 ex
964 1017 1009 1067 eis
1029 1032 1090 1067 non
1107 1025 1271 1066 remon-200

247 1110 279 1145 rr*
292 1099 353 1151 sit?
375 1098 429 1150 Sed
449 1101 579 1165 qnoniam
598 1100 711 1151 uiuituri
725 1095 830 1168 isumus
845 1102 871 1152 in
891 1103 945 1152 isto
964 1101 1082 1165 saeculo,
1101 1101 1148 1151 ubi
1167 1101 1227 1166 quis

293 1200 347 1234 non
364 1184 433 1234 uiuit
448 1186 506 1235 sine
522 1186 642 1249 peccato,
659 1184 722 1235 ideo
737 1185 865 1235 remissio
881 1186 1053 1250 pcccatorum
1069 1200 1124 1235 non
1140 1186 1181 1234 est
1198 1185 1225 1234 in

292 1268 351 1318 solu
372 1267 513 1319 ablutione
531 1269 600 1318 socri
618 1268 803 1333 baptismatis
822 1269 872 1319 scd
890 1269 971 1320 eiiam
990 1268 1017 1318 in
1035 1268 1161 1319 oratione
1178 1266 1227 1318 do-

292 1353 390 1402 minica
406 1355 432 1402 et
445 1351 606 1414 cottidiana,
622 1367 702 1417 quam
718 1353 782 1417 post
795 1354 859 1403 octo
873 1352 933 1403 dies
948 1352 1084 1417 accepturi
1098 1352 1173 1402 estis,
1196 1349 1226 1401 ln

326 1468 331 1483 ι
368 1435 512 1485 'ruenietis
537 1435 614 1499 quasi
638 1434 821 1485 cottidianum
847 1435 1015 1500 baptismum
1039 1436 1170 1498 uestrum,
1197 1435 1270 1484 utam

293 1555 298 1569 ι
323 1535 336 1568 ι
360 1519 381 1568 is
403 1519 588 1584 deogratias,
609 1519 654 1584 qui
676 1519 792 1569 donauit
811 1518 863 1570 lroc
883 1533 981 1570 munus
1002 1518 1132 1569 ecclesiae
1152 1532 1226 1581 suae,

292 1603 367 1667 quod
387 1602 554 1654 confitemur
574 1604 600 1653 in
621 1602 760 1668 symbolo:
784 1604 814 1653 ut
833 1617 894 1653 cum
914 1602 1065 1653 dixerimus
1085 1604 1226 1653 sanctam

291 1687 470 1751 ecclesiam,
488 1687 671 1752 adiungamus
687 1686 909 1737 remissionem
926 1688 1135 1751 peccatorum.

352 1770 392 1821 lo.
413 1768 481 1821 Post
499 1771 572 1835 haec,
590 1771 695 1821 carnis
713 1771 990 1821 resurrectionem.
1014 1768 1068 1820 Iste
1086 1770 1140 1820 iam
1158 1769 1225 1820 finis

290 1857 342 1905 est:
362 1855 411 1905 sed
423 1854 491 1905 finis
503 1856 562 1906 sine
575 1854 633 1905 fine
646 1855 697 1905 erit
709 1855 873 1905 resurrectio
885 1855 986 1918 carnis;
1002 1853 1052 1905 sed
1065 1855 1116 1905 erit
1128 1854 1269 1919 postearro

290 1938 365 1989 nulla
381 1954 455 1989 mors
470 1940 568 2003 carnis,
585 1939 676 1990 nullus
692 1937 774 1990 dolor
788 1939 886 2003 carnis,
902 1937 994 1989 nullae
1010 1938 1154 2003 angustiae
1169 1952 1225 1989 car-

289 2023 340 2086 niS,
363 2022 437 2074 nulla
458 2022 548 2074 fames
569 2024 596 2074 et
617 2024 677 2073 sitis
698 2023 796 2087 carnis,
819 2021 910 2074 nullae
932 2021 1104 2073 afflictiones
1125 2022 1223 2086 carnis,

289 2106 364 2157 nulla
381 2109 506 2158 senectus
523 2109 550 2158 et
566 2106 703 2158 lassitudo
719 2107 817 2159 carnis,
841 2105 907 2158 Noli
924 2121 991 2171 ergo
1007 2106 1118 2157 horrere
1134 2106 1224 2157 carnis

288 2192 528 2242 resurrectionem:
554 2190 628 2242 bona
646 2192 705 2242 eius
723 2190 796 2255 uide,
816 2190 889 2242 mala
906 2189 1079 2241 obliuiscere.
1107 2187 1223 2240 Prorsus

134 2290 156 2317 u
182 2288 230 2342 car-72⁵
257 2296 279 2317 τε·
289 2274 418 2339 quicquid
435 2276 608 2339 querelarum
624 2276 666 2326 est
680 2274 831 2325 carnalium
847 2273 941 2339 modo,
956 2276 1021 2325 tunc
1036 2273 1074 2324 ibi
1091 2289 1146 2325 non
1161 2274 1267 2327 e1·it:2r5

134 2344 278 2422 Qss'sffiffi.
289 2359 391 2409 aeterni
405 2360 514 2424 erimus,
529 2359 657 2424 aequales
671 2358 778 2423 angelis
791 2358 845 2423 dei,
858 2373 941 2409 unam
954 2373 1014 2408 cum
1029 2357 1134 2423 angelis
1148 2373 1223 2409 sanc-

175 2435 236 2464 ulau
287 2443 322 2493 tis
338 2442 475 2493 ciuitatem
491 2442 662 2494 habebimus.
684 2441 838 2493 Adomino
854 2441 1068 2507 possidebimur,
1083 2440 1222 2493 hereditas

287 2526 345 2576 eius
363 2526 472 2591 erimus,
489 2529 515 2577 et
532 2527 591 2591 ipse
608 2526 747 2577 hereditas
765 2528 860 2577 nostra
878 2527 939 2589 erit3
961 2527 1090 2591 quoniam
1108 2527 1161 2590 ipsi
1182 2525 1222 2576 di-

286 2609 372 2659 cimus
390 2609 486 2660 modo:
510 2607 645 2661 Domine
662 2624 736 2675 pars
752 2608 945 2660 hereditatis
963 2623 1060 2673 meae,
1079 2609 1105 2659 et
1121 2608 1156 2660 de
1173 2624 1221 2660 no-

286 2694 327 2744 bis
342 2694 444 2744 dictum
458 2696 500 2745 est
512 2693 574 2745 filio
589 2695 687 2759 ipsius:
704 2692 838 2745 Postula
849 2710 864 2745 a
876 2710 933 2759 me,
946 2696 976 2745 et
987 2694 1071 2745 dabo
1085 2690 1137 2743 tibi
1152 2707 1266 2758 gen-230

284 2781 331 2828 tes
346 2779 555 2829 hereditatem
567 2781 660 2830 tuam.
678 2777 898 2843 Possidebimus,
913 2781 939 2829 et
951 2777 1168 2844 possidebimur:
1182 2778 1221 2828 te-

284 2863 419 2926 nebimus,
433 2864 459 2913 et
469 2862 630 2915 tenebimur.
644 2861 721 2925 Quid
732 2863 841 2914 dicam?
852 2862 978 2927 colimus,
990 2864 1017 2913 et
1030 2861 1158 2926 colimur3
1170 2861 1220 2912 secl

283 2944 390 2996 colimus
409 2949 439 2997 ut
455 2947 547 3010 deum3
577 2946 693 2998 colimur
708 2949 738 2998 ut
755 2963 828 3013 ager.
853 2946 892 2998 Ut
908 2948 1000 2998 sciatis
1018 2947 1081 3012 quia
1097 2947 1220 3012 colimur,

285 3031 428 3082 dominum
452 3031 556 3083 audite:
586 3031 652 3097 Ego
675 3047 742 3083 sum
763 3033 842 3083 uitis
865 3047 950 3097 uera,
973 3047 1031 3083 uos
1053 3032 1131 3083 estis
1154 3047 1220 3083 sar-

285 3118 400 3180 menta,
420 3118 511 3181 pater
529 3131 613 3167 meus
633 3115 783 3181 agricola.
809 3113 837 3166 Si
858 3114 979 3181 agricola
997 3116 1104 3181 dicitur,
1125 3129 1263 3180 agrumass

283 3200 356 3253 colit.
387 3199 477 3262 Quem
500 3200 614 3266 agrum?
643 3199 719 3252 Colit
741 3215 801 3252 nos,
832 3199 867 3251 Et
886 3199 1008 3265 agricola
1028 3202 1116 3251 terrae
1138 3199 1218 3249 huius

282 3284 402 3334 nisibilis
420 3299 496 3335 arare
512 3285 613 3349 potest,
630 3284 728 3335 fodere
744 3285 844 3350 potest,
861 3284 986 3349 plantare
1002 3285 1103 3349 potest,
1119 3283 1217 3348 rigare,

283 3369 304 3417 si
326 3383 423 3434 aquam
443 3368 586 3433 inuenerit,
606 3370 709 3433 potest:
735 3368 828 3433 pluere
848 3367 982 3434 numquid
1001 3366 1112 3433 potest?
1134 3367 1217 3418 incre-

282 3487 297 3537 8
