2819 4040
227 2093 261 2131 iol.
274 2093 298 2131 57

153 2671 218 2709 Sanguis
240 2670 298 2701 Christi

153 2728 199 2757 super
212 2719 299 2757 perdendos

169 2769 224 2805 iustus,
234 2776 280 2806 super

153 2817 249 2848 mundandos
269 2817 298 2847 mi-

189 2865 259 2896 sericors,

166 3439 217 3472 Massa
225 3439 287 3477 peccati.

307 494 384 571 DE
407 494 683 572 SECUNDA
704 496 876 574 FEnrn
901 496 1180 572 DASCHAE
1201 499 1242 572 ΙΙ.

452 646 666 698 esurrectionem
683 645 789 699 domini
806 647 853 701 alii
869 647 1007 712 uiderunt,
1024 645 1071 699 alii
1088 646 1241 699 nuntiatam

464 745 520 782 non
536 728 723 795 crediderunt;
739 732 766 783 et
782 732 984 799 exprobrantur
999 729 1033 784 ab
1049 731 1112 797 ipso
1127 729 1242 784 domino

461 815 515 866 iam
531 816 684 881 praesente,
700 816 764 881 quia
780 831 837 869 non
852 816 1029 870 crediderunt
1044 815 1084 867 eis
1099 815 1146 882 qui
1161 814 1238 867 uide·

463 901 526 951 runt
547 900 574 951 et
593 899 797 953 nuntiauerunt.
832 897 937 961 Quanta
960 899 1087 967 dignatio
1107 899 1260 967 gentium‚5

307 982 333 1033 et
352 980 435 1049 longe
453 985 551 1050 postea
570 983 708 1037 natorum!
733 981 812 1050 Quid
831 986 969 1052 praestitit
986 984 1054 1037 deus
1073 984 1121 1050 eis,
1140 982 1240 1051 quibus

307 1064 392 1119 modo
408 1066 558 1134 implentur
572 1068 703 1121 ecclesiae
719 1067 845 1123 Christi?
865 1069 998 1138 Apostoli
1013 1069 1100 1122 sancti
1115 1079 1177 1121 cunr
1191 1068 1241 1121 do·

307 1151 383 1203 mino
398 1151 617 1218 ambulauerunt,
631 1151 746 1205 uerbum
760 1154 886 1207 ueritatis
902 1170 936 1206 ex
949 1169 997 1207 ore
1011 1153 1071 1206 eius
1085 1151 1240 1217 audierunt,

306 1237 432 1288 mortuos
446 1236 778 1302 suscitantemuiderunt;
791 1240 819 1291 et
832 1239 1015 1291 resurrexisse
1028 1236 1171 1290 dominum
1184 1251 1240 1288 non

306 1319 491 1374 crediderunt.
518 1320 578 1374 Nos
597 1322 697 1387 autem,
717 1321 763 1388 qui
784 1321 868 1389 longe
887 1323 952 1389 post
970 1321 1036 1386 nati,
1055 1320 1272 1389 praesentiarum

306 1404 365 1456 eius
383 1404 555 1471 corporalem
572 1419 721 1472 numquam
738 1403 869 1472 uidimus
887 1405 992 1459 nullum
1009 1403 1125 1459 uerbum
1140 1419 1175 1458 jex
1192 1417 1239 1457 ore

307 1490 397 1542 carnis
415 1490 474 1542 eius
491 1489 656 1556 audiuimus,
673 1489 779 1543 nullum
797 1490 832 1543 ab
849 1506 883 1543 eo
900 1490 1003 1543 iactum
1020 1488 1181 1541 miraculum
1196 1487 1240 1540 his

306 1571 395 1625 oculis
417 1575 585 1640 aspeximus3
608 1574 635 1625 et
654 1575 747 1626 tamen
768 1572 945 1640 credidimus,
967 1571 1112 1625 audientes
1133 1570 1239 1624 litteras

307 1670 411 1722 eorum,
431 1657 477 1723 qui
494 1659 558 1709 tunc
575 1656 687 1710 credere
706 1656 862 1711 noluerunt.
890 1656 1003 1710 Factum
1021 1656 1240 1708 recentissimum

308 1742 463 1793 nuntiatum
490 1740 542 1794 sibi
568 1755 623 1793 non
650 1740 837 1794 crediderunt:
871 1741 1040 1808 scripserunt
1066 1738 1142 1806 quod
1168 1741 1270 1805 lege-15

307 1839 398 1877 remus
403 1842 410 1889 ;
428 1824 592 1892 audiuimuS,
606 1827 633 1878 et
645 1825 791 1878 credimus
812 1823 899 1887 Quod
913 1826 1004 1877 autem
1017 1823 1146 1877 dominus
1161 1821 1239 1875 lesus

307 1907 398 1960 noluit
410 1923 541 1976 apparere
554 1907 673 1974 ludaeis,
686 1909 789 1975 dignos
802 1923 862 1961 esse
876 1908 922 1975 qui
934 1909 999 1975 post
1010 1906 1240 1959 resurrectionem

307 1990 451 2044 dominum
466 1991 607 2046 Christum
619 1992 747 2045 uiderent
760 2008 816 2045 non
830 1992 973 2045 iudicauit:
994 1992 1052 2044 suis
1065 2006 1095 2043 se
1107 1990 1239 2056 ostendit,

308 2091 364 2128 non
389 2076 496 2131 alienis,
527 2077 562 2130 Et
586 2077 651 2129 dum
676 2073 919 2148 praedicantllsui,
943 2075 1121 2129 crediderunt
1143 2074 1239 2139 alieni;

307 2161 334 2211 et
354 2161 400 2227 qui
419 2160 532 2214 luerunt
552 2161 643 2228 alieni,
663 2161 730 2215 facti
751 2163 816 2215 sunt
835 2162 885 2215 sui.
912 2159 996 2214 Multi
1016 2161 1088 2213 enim
1108 2175 1142 2212 ex
1162 2159 1271 2226 ipsis,2o

310 2245 381 2296 sicut
405 2244 506 2312 legitur
527 2246 554 2298 in
577 2244 693 2299 'Actibus
718 2245 919 2313 apostolorum,
943 2244 1022 2298 multi
1045 2260 1080 2297 ex
1102 2244 1169 2311 ipsis
1193 2243 1239 2310 qui

307 2327 451 2381 dominum
476 2328 679 2395 crucifixerunt,
704 2330 751 2396 qui
775 2329 910 2396 sanguine
935 2330 994 2382 eius
1018 2327 1115 2381 effuso
1139 2326 1239 2393 polluti

308 2414 382 2474 sunt;
401 2412 480 2464 multi
494 2428 527 2465 ex
541 2414 609 2479 ipsis
625 2413 671 2480 qui
685 2413 823 2479 dixerunt,
837 2412 975 2480 Sanguis
990 2414 1058 2465 eius
1073 2426 1168 2480 super
1182 2427 1239 2466 nos

307 2498 337 2548 et
356 2511 451 2563 super
468 2496 562 2549 filios
581 2499 723 2564 nostros,
742 2499 841 2565 postea
858 2496 1035 2549 crediderunt
1053 2495 1239 2548 annuntianti-

306 2579 358 2632 bus
375 2581 520 2647 apostolis.
543 2580 610 2634 Eius
626 2596 710 2649 super
725 2581 790 2634 illos
806 2596 902 2634 reuera
917 2581 972 2634 fuit
988 2581 1110 2647 sanguis,
1126 2579 1177 2632 sed
1193 2579 1270 2632 ab·25

307 2663 434 2731 luendoS,
449 2680 504 2718 non
517 2665 688 2732 perdendos:
709 2681 792 2733 super
806 2666 876 2719 alios
890 2665 1057 2733 perdendos
1071 2679 1155 2731 super
1168 2665 1238 2717 alios

307 2750 495 2803 mundandos:
530 2765 612 2818 super
638 2750 798 2818 perdendos
826 2752 923 2816 iustuS,
951 2764 1034 2816 super
1062 2749 1239 2802 mundandos

306 2834 472 2887 misericors.
495 2834 530 2887 Et
544 2850 614 2888 nunc
629 2835 764 2901 numquid
778 2836 901 2888 omnium
916 2836 959 2887 est
973 2833 1067 2888 fides?
1086 2831 1239 2901 Quomodo

305 2918 371 2969 tunc
391 2918 444 2984 ipsi
465 2917 559 2970 ludaei
580 2918 626 2971 alii
646 2918 832 2984 crediderunt,
854 2918 900 2971 alii
920 2934 976 2971 non
996 2917 1180 2983 crediderunt,
1201 2918 1239 2969 sic

306 3002 333 3052 et
348 3016 420 3053 nunc
433 3003 542 3067 gentes:
563 3002 740 3055 crediderunt
755 3001 811 3068 alii,
827 3017 883 3055 non
894 3002 1013 3055 credunt
1027 3001 1083 3054 alii.
1105 3001 1176 3054 Non
1191 3004 1272 3055 estro

304 3086 446 3140 :omnium
466 3084 560 3138 fides.
584 3084 711 3148 Quorum
730 3088 773 3139 est
792 3088 883 3139 autem
902 3085 985 3151 fides,
1004 3086 1094 3153 gratia
1112 3084 1238 3139 credunt:

306 3184 362 3221 non
384 3183 414 3221 se
435 3169 543 3235 iactent,
564 3169 608 3221 dei
629 3169 734 3223 donum
755 3172 805 3223 est.
834 3169 977 3237 Numquid
998 3169 1062 3222 ideo
1083 3184 1135 3222 nos
1156 3167 1240 3236 elegit

306 3252 446 3319 dominus
467 3253 531 3319 quia
550 3252 615 3306 boni
635 3254 764 3307 eramus?
790 3253 855 3307 Non
875 3253 960 3321 elegit
979 3253 1078 3319 bonos
1098 3252 1148 3305 sed
1169 3268 1238 3319 quos

305 3337 396 3390 uoluit
409 3337 501 3389 facere
514 3336 611 3391 bonos,
632 3336 738 3391 Omnes
752 3339 780 3391 in
794 3338 891 3391 umbra
900 3338 1001 3391 mortis
1015 3336 1129 3404 iuimuS,
1142 3353 1238 3390 omnes

306 3423 333 3474 in
356 3436 449 3475 massa
472 3423 574 3495 peccati
598 3422 632 3481 de
655 3421 747 3482 uldam
770 3423 898 3483 ueniente
921 3422 1046 3496 colligati
1067 3421 1237 3481 tenebamur.
1246 3433 1270 3476 35

304 3540 339 3607 δῷ
