2819 4040
683 288 795 339 Appendix.
816 289 928 329 TractVII.

340 410 428 464 nichei
453 411 488 464 de
512 409 626 464 Christo
650 414 826 480 suspicantur
849 415 876 467 et
899 412 1022 480 credunt,
1046 414 1110 481 quia
1133 428 1189 467 non
1213 415 1272 467 erat

339 510 405 547 uera
423 511 497 562 caro,
518 496 568 548 sed
589 497 703 563 spiritus
724 500 783 551 erat
803 498 908 552 habens
928 498 1076 565 imaginem
1096 498 1194 563 carnis,
1215 511 1304 551 nonio

339 576 375 630 ad
403 577 491 631 fidem
519 580 717 646 instruendam,
746 581 797 634 sed
824 582 861 635 ad
887 580 984 635 oculos
1012 579 1214 634 ludificandos:
1241 583 1272 634 ut

339 661 424 714 homo
443 678 498 716 non
516 664 598 730 esset,
617 663 668 716 sed
687 665 840 731 putaretur:
859 667 889 719 ut
906 680 970 718 caro
989 680 1045 717 non
1064 666 1145 730 esset,
1164 663 1214 716 sed
1233 665 1272 717 ita

339 761 401 799 esse
415 746 566 812 uideretur3
582 747 658 814 quod
672 763 740 815 ergo
754 743 870 802 credirnt
884 748 1032 815 M‘anichei,
1047 750 1074 801 et
1088 748 1153 801 inde
1168 748 1272 815 dogma

339 829 472 897 iecerunt,
487 846 663 898 erroremque
677 831 869 900 firmauerunt,
884 833 951 886 haec
964 833 1052 900 prima
1066 832 1199 899 cogitatio
1214 848 1272 885 sur·

196 908 320 986 narrandum
338 915 408 966 rexit
420 916 447 966 in
459 914 590 967 cordibus
603 914 804 982 apostolorum.
819 916 855 970 Et
867 917 907 970 illi
920 916 1029 985 quidem
1041 914 1182 969 Manichei
1194 931 1271 969 num·
1280 929 1302 966 15

186 981 420 1065 “fc‘’{fssffl'ffr‘ffffimquam
441 999 557 1052 eredunt
579 998 669 1052 lesum
690 999 780 1052 fuisse
801 1000 952 1054 hominem:
974 1002 1071 1053 timent
1091 999 1183 1053 Verbo
1204 999 1271 1052 dare

225 1083 290 1106 ⁰⁰⁰⁰⁰⁰⁰
337 1098 455 1149 carnem,
479 1085 506 1136 et
527 1097 584 1135 non
607 1084 704 1136 timent
726 1085 837 1137 ueritati
861 1085 969 1137 obicere
992 1083 1152 1138 falsitatem.
1177 1083 1271 1137 Habet

337 1181 431 1219 ueram
441 1182 559 1233 carnem,
570 1182 625 1234 qua
635 1169 738 1220 ueritas
749 1168 881 1222 ostendat
891 1168 1051 1234 falsitatem,
1063 1169 1128 1220 etin
1139 1167 1270 1221 cordibus

337 1250 479 1304 hominum
497 1250 628 1303 aedificet
642 1251 795 1305 ueritatem.
813 1251 889 1319 Ergo
906 1252 946 1305 illi
963 1267 1111 1320 numquam
1126 1251 1270 1304 domiuum

339 1333 428 1388 lesum
440 1334 583 1388 Christum
591 1335 731 1387 hominem
742 1334 831 1388 fuisse
841 1336 1028 1390 crediderunt:
1040 1336 1168 1403 discipuli
1179 1338 1269 1389 autem
1277 1350 1302 1388 ao

337 1421 472 1471 nouerant
495 1418 643 1485 hominem,
664 1434 725 1472 cum
748 1434 803 1486 quo
826 1422 904 1473 tanto
926 1422 1051 1487 tempore
1074 1419 1186 1473 inerant
1206 1434 1269 1472 con-

336 1505 447 1556 uersati.
462 1502 598 1556 Viderunt
612 1501 807 1570 ambulantem,
822 1503 973 1570 sedentem,
988 1505 1179 1570 dormientem,
1194 1519 1269 1556 man-

336 1586 492 1654 ducantem,
508 1587 659 1640 bibentem:
675 1588 795 1640 scierunt
809 1590 907 1653 totum,
924 1589 1044 1640 scierunt
1059 1603 1142 1654 super
1156 1589 1269 1655 puteum

336 1670 444 1724 sedisse
460 1671 617 1738 fatigatum.
634 1671 676 1724 Ex
690 1671 821 1724 diuturna
836 1672 889 1724 ista
904 1672 1115 1724 conuersatione
1129 1671 1269 1724 hominem
1321 1678 1322 1681 ’

336 1757 471 1808 nouerant
487 1770 594 1820 uerum;
610 1755 660 1808 sed
675 1757 773 1822 postea
790 1770 872 1822 quam
887 1758 1012 1808 mortuus
1028 1757 1078 1821 est,
1094 1755 1169 1822 quod
1185 1770 1269 1808 noue·
1276 1772 1300 1809 25

335 1841 405 1905 rant,
421 1838 533 1906 quando
547 1839 690 1891 crederent
703 1839 754 1891 hoc
769 1840 894 1905 potuisse
908 1839 1074 1905 resuscitari,
1089 1838 1164 1906 quod
1178 1839 1269 1905 potuit

336 1923 426 1976 mori?
448 1922 587 1990 *Apparuit
609 1938 677 1990 ergo
699 1922 789 1976 ocutis
814 1924 937 1990 ipsorum
961 1922 1034 1989 talis,
1059 1922 1167 1990 qualem
1190 1921 1268 1975 illum

245 2040 277 2061 rior
335 2009 481 2072 nouerant;
495 2010 522 2060 et
535 2023 590 2060 non
603 2007 747 2060 credentes
760 2009 843 2061 tertio
856 2007 901 2060 die
911 2009 1039 2075 potuisse
1051 2018 1147 2060 ueram
1158 2022 1267 2059 carnem

191 2137 198 2158 s
216 2086 320 2157 ,{'{,ss,‘}{”¹,¹,¹,„
335 2091 370 2144 de
385 2091 512 2158 sepulcro
526 2107 678 2158 resurgere,
692 2093 860 2159 putauerunt
874 2108 903 2144 se
917 2092 1044 2158 spiritum
1057 2091 1161 2144 uidere.
1183 2090 1267 2144 Error

182 2177 217 2206 dere
234 2176 325 2213 priunum.
335 2176 386 2227 iste
404 2175 604 2242 apostolorum,
621 2177 695 2228 secta
710 2177 752 2227 est
767 2174 985 2228 Manicheorum.
1274 2187 1298 2224 ³0

394 2272 419 2323 2.
432 2269 529 2323 Solent
541 2272 640 2337 autem,
654 2270 767 2337 quando
779 2270 834 2323 illis
847 2270 914 2323 haec
926 2270 1089 2336 obiciuntur,
1102 2271 1140 2323 ita
1153 2285 1265 2337 respon·
1313 2292 1315 2294 ·

334 2354 411 2408 dere:
432 2353 510 2417 Quid
529 2355 594 2407 mali
613 2355 760 2421 credimus,
781 2355 846 2422 quia
866 2354 1007 2408 Christum
1027 2354 1109 2407 deum
1128 2354 1266 2407 credimus

333 2439 460 2505 spiritum
469 2438 577 2492 tuisse?
589 2439 923 2505 <spiritum>credimus,
937 2454 1045 2492 carnem
1054 2438 1265 2492 noncredirnus:

333 2522 433 2575 melior
449 2525 491 2575 est
507 2523 620 2590 spiritus
638 2538 720 2589 quam
735 2537 808 2576 caro
832 2521 918 2586 Quod
934 2521 1032 2575 meiius
1049 2525 1100 2591 est,
1116 2522 1265 2586 credimus;

333 2607 410 2674 quod
430 2606 553 2659 deterius
573 2609 623 2673 est,
644 2606 757 2659 credere
778 2606 916 2660 nolumus.
944 2605 1021 2669 Quid
1042 2606 1107 2658 mali
1128 2605 1295 2659 racimusPas

333 2690 361 2744 Si
380 2691 448 2744 nihil
465 2692 530 2744 mali
548 2693 590 2745 est
607 2693 635 2744 in
653 2693 707 2744 isto
725 2707 859 2757 sermone,
877 2692 1000 2744 dimittat
1018 2690 1094 2744 lesus
1111 2690 1264 2757 discipulos

332 2790 399 2828 suos
422 2776 450 2828 in
471 2776 525 2828 isto
547 2791 646 2829 errore.
676 2774 753 2838 Quid
774 2775 840 2828 mali
859 2775 1056 2828 crediderunt?
1078 2774 1114 2827 Et
1135 2773 1264 2844 discipuli

332 2858 475 2912 Christum
495 2860 621 2927 spiritum
641 2858 829 2912 crediderunt:
849 2875 905 2912 non
924 2860 998 2912 enim
1017 2860 1184 2926 putauerunt
1202 2873 1265 2911 csse

253 2957 286 2994 ror.
299 2957 323 2994 oo
332 2943 418 3010 illum,
433 2943 483 2996 sed
496 2944 631 3010 spiritum.
652 2942 740 2996 Dimit
752 2938 763 3012 ΙΙ
770 2945 811 2995 tat
824 2943 880 2995 illis
892 2942 1032 3007 dominus
1046 2941 1195 2995 confirmat
1208 2941 1263 2994 iliis

331 3027 407 3095 quod
424 3027 495 3080 bene
510 3027 697 3081 crediderunt:
714 3028 858 3080 inueniens
876 3042 924 3079 eos
942 3028 969 3079 in
986 3025 1118 3095 falsitate,
1141 3041 1197 3079 non
1214 3040 1262 3078 eos
1270 3037 1295 3073 ro

331 3111 431 3165 doceat
442 3111 593 3165 ueritatem.
609 3110 714 3165 hodite
726 3110 792 3178 quid
802 3110 869 3163 maii
881 3111 925 3176 sit,
936 3110 975 3163 sic
985 3109 1108 3162 credere:
1120 3109 1263 3163 dominum

331 3194 432 3249 audite.
457 3193 549 3248 Paruo
565 3194 664 3247 morbo
681 3199 708 3249 te
725 3197 806 3262 putas
822 3194 991 3262 periclitari?
1006 3192 1081 3247 *Audi
1098 3194 1263 3247 sententiam

330 3280 438 3334 medici.
463 3277 550 3343 Quod
567 3281 734 3346 putauerunt
751 3279 880 3346 discipuli
899 3279 1026 3346 spiritum
1044 3294 1073 3331 se
1089 3277 1194 3343 uidere,
1211 3277 1263 3330 hoc

328 3366 410 3431 putas
428 3365 456 3417 et
472 3365 511 3430 tu,
530 3362 701 3416 Manichaee.
719 3362 801 3416 Venit
818 3363 941 3416 medicus
959 3364 1025 3415 tunc
1042 3361 1078 3415 ad
1095 3360 1260 3429 discipulos:

330 3483 381 3536 192
