2819 4040
502 322 525 362 ll.
538 322 599 362 index
612 322 714 363 nominum
727 324 746 363 et
759 334 823 363 rerum

195 449 320 494 sacerdotes
333 450 406 504 patres
419 449 470 490 sunt
482 446 586 502 fidelium,
598 461 642 491 non
681 451 840 494 scillitanorum
853 452 978 494 sanctorum
986 448 1058 492 natale
1065 448 1099 502 30,
1108 448 1131 499 l;

225 522 307 566 habent
330 521 410 565 ferulas
432 521 454 563 et
477 520 549 577 uirgas
572 533 643 576 gram·

225 596 353 638 maticorum
368 593 448 647 1301.

195 681 331 723 sacramenta
347 677 428 720 Christi
443 690 482 731 per
497 677 577 721 multos
593 678 643 721 hae-

712 536 788 567 eorum
802 523 855 567 Acta
866 524 984 566 laudantur
995 524 1029 576 30,
1043 522 1090 563 102.

681 608 751 661 Scylla
762 610 784 650 et
795 607 917 661 Charybdis
928 610 949 650 in
959 608 997 650 illo
1008 607 1064 650 freto
1075 605 1132 648 inter

711 680 805 723 Siciliam
822 682 844 723 et
859 681 942 724 ltaliam
959 682 991 733 11,
1008 680 1041 723 91.

224 751 303 795 reticos
312 749 385 793 diuisa
394 751 413 804 2,
423 750 461 792 60:
477 748 504 793 ci.
513 749 642 805 baptismus,
681 765 765 819 sedere,
778 766 791 808 ᾗ,
803 777 822 807 Ε,
835 777 929 817 manere,
941 763 1038 807 habitare
1050 764 1129 816 1,156;

224 822 360 876 eucharistia,
394 822 488 876 spiritus,
527 822 641 866 sabbatum

224 896 331 938 sanctum.

194 973 310 1016 sacrificari
319 972 361 1015 diis
371 973 493 1027 petentium*
501 985 568 1017 uoces
579 973 642 1016 sacri·

224 1046 287 1101 legae
305 1046 323 1088 A
339 1048 358 1100 9,
375 1046 407 1089 61.

194 1123 324 1167 sacrificium
343 1123 391 1167 Deo
407 1124 474 1168 oliert
491 1126 568 1179 anima,
586 1137 641 1180 quae

223 1196 246 1238 in
263 1196 334 1250 ipsum
351 1195 442 1239 contidit
457 1198 491 1250 38,
509 1198 541 1240 14.
557 1198 590 1240 53.

194 1272 275 1316 salutat
288 1273 393 1329 populum
407 1275 509 1318 sacerdos
523 1275 551 1318 de
565 1273 641 1317 abside

224 1347 243 1400 7,
257 1346 290 1390 62.

193 1425 319 1466 sanctorum
336 1424 423 1479 occisio,
441 1425 490 1468 Deo
507 1426 541 1468 est
560 1424 641 1467 sacriti-

709 837 788 881 sedere
801 839 823 880 et
833 839 892 881 stare
905 838 969 880 simul
981 850 1072 892 corpore
1084 849 1129 879 non

710 920 836 963 possumus,
860 909 932 951 animo
954 921 1072 963 possumus
1096 910 1128 960 29,

712 982 758 1024 138,

680 1071 735 1102 sexu
758 1059 866 1112 tortiores
889 1057 1005 1113 aliquando
1034 1059 1129 1101 minores

712 1131 794 1175 aflectu
813 1132 845 1185 14,
864 1133 903 1182 25;
923 1132 945 1173 in
963 1143 1018 1174 sexu
1033 1132 1128 1174 interiori

711 1205 782 1260 magis
803 1204 873 1247 elucet
891 1205 960 1246 uirtus
981 1204 1075 1257 martyrii
1095 1205 1129 1257 30,

710 1278 734 1328 4;
749 1276 767 1318 A
777 1278 797 1330 8,
809 1277 840 1319 14.

680 1354 799 1410 signabant
811 1367 835 1397 se
847 1353 997 1397 catechumeni
1011 1355 1060 1396 ante
1073 1365 1129 1407 sym-

710 1426 755 1469 boli
771 1426 911 1469 traditionem
927 1426 946 1468 A
960 1426 980 1480 3,
997 1427 1030 1469 74.

223 1497 280 1539 cium
300 1497 403 1549 23,166;
433 1510 508 1541 eorum
529 1497 641 1540 0131ῑο11θὲ
680 1510 749 1554 simile
771 1511 835 1552 simili
854 1511 957 1553 occurrit:
985 1516 1079 1563 granum*
1099 1522 1130 1563 es,

222 1568 328 1612 'adiuuant
344 1582 384 1612 nos
401 1571 434 1624 28,
451 1570 498 1612 235.
514 1571 566 1621 292;
580 1581 641 1611 sanc-

222 1641 294 1683 torum
309 1641 393 1685 initium
409 1644 431 1685 et
446 1642 517 1684 forma
533 1641 642 1684 Dominus

222 1716 256 1756 est
269 1713 288 1755 A
301 1714 320 1768 2,
335 1715 381 1757 193,

192 1792 283 1846 sanguis
313 1792 393 1836 Christi
422 1804 488 1847 super
515 1792 641 1846 perdendos

222 1863 298 1924 iustus,
318 1876 384 1919 super
401 1863 541 1906 mundandos
560 1864 642 1906 miseri-

222 1948 270 1979 cors
293 1938 326 1991 10,
340 1938 379 1988 273
406 1937 537 1990 sanguinem
560 1935 641 1978 Christi

222 2007 296 2051 ludaei
315 2008 417 2052 fuderunt
434 2009 564 2063 saeuientes,
581 2008 641 2051 bibe-

222 2082 271 2122 runt
286 2080 400 2124 credentes
415 2083 448 2134 28,
465 2082 510 2124 146.

712 1582 807 1637 applicas
822 1585 843 1626 te
857 1583 886 1625 ad
901 1595 1005 1637 granum:
1023 1582 1086 1636 palea
1099 1594 1130 1635 es,

712 1656 807 1710 applicas
822 1658 844 1699 te
860 1656 888 1698 ad
903 1656 988 1709 paleam
1005 1656 1037 1708 18,
1052 1656 1085 1697 87.

680 1746 778 1788 somnus,
795 1734 857 1788 quasi
874 1733 991 1777 cottidiana
1007 1746 1077 1776 mors:
1093 1746 1130 1776 ne·

711 1819 753 1860 que
766 1808 787 1849 in
798 1807 884 1861 ‚angelis
897 1807 1011 1859 inuenitur,
1023 1815 1096 1860 neque
1107 1806 1129 1847 in

710 1880 756 1921 uita
779 1881 885 1933 perpetua
903 1880 922 1933 5,
941 1879 967 1920 54
980 1891 1014 1929 ss;
1038 1889 1129 1920 somnus

711 1949 791 1992 Christi
807 1950 926 1992 uoluntatis
942 1949 988 2003 tuit,
1001 1961 1046 1991 non
1057 1961 1130 1990 neces-

710 2023 780 2064 sitatis
797 2023 816 2076 6,
834 2024 872 2073 143
891 2022 919 2064 de
936 2035 981 2076 quo
997 2021 1062 2064 Iacob
1079 2024 1129 2064 ante

710 2094 818 2149 praedixit
830 2096 849 2148 6,
862 2095 900 2136 43:
917 2094 943 2137 cl.
957 2094 1058 2139 dormire.

192 2166 325 2207 sarmentum
337 2166 461 2221 purgatum,
472 2167 554 2218 martyr
565 2164 641 2218 Cypri·
679 2172 852 2227 spectaculorum
868 2171 940 2214 tribuli
957 2172 976 2213 A
986 2173 1004 2225 3,
1015 2173 1053 2222 46;
1069 2184 1129 2224 spec-

222 2248 288 2279 anus:
307 2238 416 2279 sarmenta
430 2240 550 2292 amputata,
566 2237 641 2280 haere·

220 2308 257 2350 tici
268 2310 290 2351 et
305 2308 432 2351 Donatistae
447 2311 480 2364 28,
491 2311 538 2352 214.

191 2385 268 2428 Saulus
292 2400 304 2428 a
326 2387 390 2430 Saule
414 2388 582 2443 cognominatus
606 2389 639 2442 23,

222 2459 260 2499 111
268 2472 274 2510 ;
287 2460 319 2513 24,
332 2461 383 2511 1523
396 2459 531 2515 Stephanum
543 2459 640 2514 lapidan-

709 2244 780 2287 tacula
788 2244 884 2287 obscena
895 2243 1028 2299 Carthagine
1043 2244 1087 2297 AO,
1095 2245 1128 2286 41.

678 2325 752 2378 spinas
767 2336 827 2378 caue,
842 2323 935 2365 fructum
949 2335 1013 2376 carpe
1027 2324 1060 2375 32,
1074 2324 1128 2372 3633,

708 2396 811 2448 spinosus
834 2407 886 2448 ager
907 2394 1045 2437 mundandus
1068 2393 1087 2435 A
1108 2395 1127 2446 3,

708 2469 732 2508 41
744 2480 773 2510 ss

220 2531 274 2572 tium
295 2532 428 2574 'uestimessfa
447 2532 549 2586 8949911141
572 2534 596 2574 Ut
617 2532 639 2574 in
678 2544 769 2599 Spiritus
786 2547 875 2587 sanctus
892 2545 984 2587 Mariam
1001 2543 1127 2587 fecundauit

219 2603 317 2645 omnium
347 2603 447 2646 manibus
475 2603 581 2658 lapidaret
606 2604 639 2658 23,

222 2675 274 2726 117;
287 2676 320 2729 24,
333 2677 370 2727 19;
387 2676 439 2730 quid
451 2678 559 2719 meruerat
570 2677 639 2718 boni?

221 2746 273 2800 quid
284 2759 329 2790 non
340 2749 449 2790 meruerat
460 2748 528 2791 mali?
542 2750 575 2803 23,
587 2749 639 2799 128;

220 2817 248 2861 ci.
261 2819 293 2873 24,
307 2819 357 2869 1363
372 2819 394 2861 in
406 2819 472 2861 Saulo
483 2820 567 2862 inuenit
578 2819 638 2862 Deus

221 2890 280 2944 quod
291 2892 383 2945 puniret,
394 2892 434 2934 sed
446 2892 497 2934 lecit
509 2892 568 2947 quod
578 2904 639 2934 coro-

220 2964 282 3005 naret
295 2963 328 3017 24,
342 2963 389 3007 141.

189 3040 342 3084 schismaticus
353 3042 425 3084 nullus
437 3043 477 3085 erit
488 3043 510 3085 in
522 3043 590 3097 caelo,
602 3044 638 3098 qui

219 3126 244 3156 se
263 3115 350 3168 separet
369 3115 402 3168 15,
422 3116 461 3165 57;
487 3115 638 3158 schismaticos

217 3186 328 3241 separatio
344 3198 383 3229 sua
398 3187 466 3241 punit,
483 3186 583 3230 discissio
599 3199 639 3230 sua

218 3258 281 3313 punit
294 3259 327 3313 32,
338 3259 386 3302 395.

188 3337 288 3381 scholae:
300 3337 450 3386 Romanorum
459 3338 517 3381 laella
527 3339 549 3380 in
557 3338 639 3382 scholis

219 3412 305 3454 cantata
318 3410 337 3452 A
348 3412 367 3465 9,
381 3412 414 3453 84.

188 3532 203 3564 S.
210 3532 292 3571 Augustlnl
304 3533 381 3564 tractatus.
413 3528 435 3566 16

708 2619 797 2671 castam,
816 2617 913 2660 seruauit
930 2618 1032 2658 intactam
1052 2617 1069 2668 1,
1088 2617 1126 2665 033

708 2700 775 2742 quare
788 2688 816 2730 de
828 2700 856 2731 eo
869 2688 972 2742 pauciora
984 2688 1006 2729 in
1018 2686 1126 2740 symbolo,

708 2773 773 2814 quam
798 2761 825 2803 de
849 2762 903 2803 Filio
927 2762 1008 2815 1,186;
1035 2761 1125 2814 Spiritus

708 2833 842 2887 septiformis
854 2846 921 2887 super
931 2833 1053 2886 baptizatos
1065 2833 1126 2874 inuo-

708 2908 769 2948 catus
789 2908 820 2959 15,
839 2908 877 2957 84;
898 2906 979 2960 Spiritu
996 2908 1071 2947 sancto
1087 2905 1126 2946 im-

707 2978 760 3031 pleti
773 2980 825 3020 sunt
837 2977 936 3031 discipuli
950 2979 1060 3031 tamquam
1073 2977 1125 3018 uino

707 3061 767 3092 nouo
788 3051 848 3092 utres
869 3050 921 3092 noui
944 3051 976 3103 23,
987 3051 1025 3100 82;
1053 3048 1126 3090 dando

708 3120 811 3175 Spiritum
822 3121 922 3163 Christus
933 3121 1029 3174 periecte
1040 3120 1126 3162 sanauit

708 3195 741 3248 30,
751 3195 790 3245 62;
802 3206 851 3236 curn
861 3196 938 3236 sancto
948 3194 1028 3248 Spiritu
1037 3193 1126 3235 Christi-

707 3277 762 3308 anus
781 3266 803 3308 in
822 3266 926 3320 praelium
946 3265 1058 3308 descendit
1078 3264 1125 3318 A2,

707 3340 746 3390 84;
759 3338 851 3392 Spiritus
864 3351 908 3381 non
922 3338 1056 3392 derelinquit,
1070 3349 1125 3391 quos

707 3411 802 3455 tuendos
816 3413 899 3466 accepit
912 3412 931 3453 A
944 3413 963 3465 2,
977 3413 1024 3454 207.

1073 3518 1122 3571 241
