2819 4040
660 331 679 371 S.
693 332 797 382 Augustini
809 333 902 371 tractatus

330 458 539 522 tormentorum,
555 456 683 510 audirent
697 457 817 526 Moysen
833 460 860 511 et
875 457 1033 525 prophetas
1057 456 1187 511 Habent
1202 458 1263 525 illi,

330 540 426 607 inquit,
443 539 578 607 Moysen
594 542 625 593 et
641 541 828 608 prophetas:
845 540 1078 595 illosaudiant.
1103 539 1138 594 Et
1154 540 1200 594 ille
1217 543 1263 609 qui

330 626 446 678 nouerat
465 640 494 678 se
513 627 540 678 et
558 624 661 678 fratres
680 640 747 680 suos
768 659 801 665 —
821 626 949 681 solebant
967 626 1039 678 enim
1059 626 1130 678 inter
1149 640 1178 678 se
1196 625 1307 677 taliano

329 709 476 762 mussitare
496 707 598 761 iratres
618 708 759 776 infideles,
780 710 891 778 eloquia
911 709 1006 762 diuina
1027 708 1182 775 irridentes,
1202 722 1263 761 cum

330 792 474 845 audissent
486 792 592 859 aliquid
603 792 708 846 dictum
720 795 748 846 in
762 793 823 862 lege
835 794 880 848 uel
893 793 1045 861 prophetis,
1058 793 1134 860 quod
1145 792 1264 859 pertine·

328 878 370 928 ret
390 875 426 928 ad
446 877 557 929 aeterna
578 875 714 943 supplicia
734 877 887 931 deuitanda
907 876 990 931 etad
1010 878 1121 929 aeterna
1141 877 1263 944 praemia

328 960 557 1027 concupiscenda,
576 960 667 1014 dicere
686 961 757 1014 inter
775 978 806 1015 se
825 960 1011 1016 mussitando:
1030 958 1102 1027 Quis
1122 960 1187 1012 inde
1205 975 1263 1013 sur-

328 1044 417 1098 rexit?
436 1045 497 1111 quis
516 1044 580 1098 inde
598 1044 694 1098 uenit?
712 1046 774 1112 quis
794 1047 876 1099 nobis
895 1044 961 1113 quid
979 1043 1017 1096 ibi
1036 1045 1134 1111 agatur
1152 1058 1307 1097 narrarent

328 1128 439 1194 potuit?
461 1127 503 1181 Ex
522 1143 578 1195 quo
598 1130 704 1196 patrem
725 1144 816 1182 meum
838 1130 963 1197 sepeliui,
982 1143 1078 1181 uocem
1099 1129 1187 1194 ipsius
1207 1143 1262 1181 non

328 1211 432 1266 audiui,
452 1211 515 1265 Hoc
533 1211 580 1265 ille
598 1213 696 1278 sciens,
714 1212 782 1266 talia
800 1229 830 1266 se
849 1214 939 1267 solere
957 1212 1133 1266 sermocinari
1151 1210 1263 1264 infideli

327 1295 412 1348 corde
426 1297 453 1349 ct
468 1311 515 1349 ore
530 1311 591 1349 cum
606 1295 740 1349 iratribus
755 1298 823 1363 suis,
839 1297 893 1350 hoc
905 1297 1025 1365 petebat,
1040 1299 1070 1349 ut
1087 1293 1173 1348 ¹tieret
1187 1295 1263 1363 quod

328 1379 369 1431 illi
387 1395 443 1432 non
461 1379 565 1433 iactum
583 1379 721 1446 dicebant,
739 1382 766 1433 et
784 1380 849 1434 ideo
866 1381 963 1434 diuina
980 1380 1090 1447 eloquia
1107 1381 1263 1432 contemne-

236 1469 270 1506 lol·
285 1462 394 1515 iubant.
435 1461 467 1515 Et
492 1461 540 1515 ille:
570 1461 624 1527 Eat,
648 1461 735 1532 inquit,
753 1459 766 1534 ΙΙ
784 1462 844 1517 liiuc
868 1462 965 1533 aliquis,
992 1466 1017 1516 et
1041 1462 1108 1517 dicat
1136 1461 1188 1515 ilis.
1232 1461 1263 1515 Et
1271 1473 1306 1511 uo

328 1549 407 1616 pater
418 1547 570 1602 Abraham:
584 1548 714 1602 Habent
726 1549 770 1602 ibi
783 1548 919 1616 Moysen
932 1551 962 1603 et
974 1549 1159 1617 prophetas:
1172 1550 1262 1616 ipsos

328 1632 470 1687 audiant.
492 1632 527 1686 Et
540 1632 587 1685 ille
600 1648 706 1686 memor
719 1632 922 1699 colloquiorum
937 1647 1060 1686 suorum:
1076 1631 1158 1699 Non,
1172 1635 1263 1699 pater

326 1715 496 1771 'Abraham
512 1716 666 1784 Tamquam
680 1716 795 1769 diceret:
813 1716 875 1783 Ego
891 1717 949 1769 scio
965 1716 1032 1784 quid
1047 1715 1206 1769 solebamus
1222 1715 1262 1768 lo-

327 1802 382 1867 qui.
405 1800 488 1867 N'on,
509 1803 600 1868 pater
619 1799 790 1853 Abraham:
812 1801 878 1853 noui
901 1800 968 1867 quid
988 1800 1086 1866 dicam,
1107 1800 1173 1853 noui
1194 1799 1261 1867 quid

327 1886 426 1951 petam.
445 1882 611 1938 Contemtor
626 1886 765 1952 pauperis,
782 1900 844 1938 sero
862 1885 1026 1950 misericors,
1044 1883 1260 1937 misericordiam
1270 1895 1304 1933 195

326 1969 354 2020 in
370 1967 472 2020 fratres
488 1983 554 2021 suos
570 1968 634 2021 fieri
650 1968 748 2033 uoluit,
765 1983 846 2036 quam
863 1967 916 2020 sibi
932 1969 992 2035 ipse
1008 1984 1063 2020 non
1080 1967 1154 2020 fecit.
1177 1966 1260 2034 Non,

326 2052 422 2118 inquit,
435 2065 509 2118 non,
520 2054 612 2119 pater
622 2051 793 2105 Abraham:
805 2068 861 2105 non
873 2052 989 2104 credunt
999 2050 1094 2118 Moysi
1105 2053 1132 2103 et
1143 2051 1260 2118 prophe-

324 2136 369 2189 tis.
392 2134 453 2202 Ego
470 2137 537 2202 scio,
554 2135 619 2189 talis
636 2135 690 2189 lui:
707 2135 763 2189 sed
781 2136 807 2188 si
825 2137 896 2203 quis
915 2136 954 2189 ad
977 2132 1051 2187 illos
1071 2150 1108 2188 ex
1124 2137 1260 2189 mortuis

325 2219 411 2285 ierit,
427 2220 489 2286 ipsi
503 2220 645 2273 credunt.
668 2219 703 2272 Et
717 2222 796 2287 pater
809 2218 962 2273 Abrabam:
977 2218 1010 2272 Si
1023 2218 1129 2286 Moysi
1144 2223 1174 2273 et
1188 2236 1260 2287 pro·

325 2302 1303 2371 pnerisnoncredunt-ludaeienimerant,necdiceretpater200

324 2385 497 2453 Abraham,
519 2388 572 2439 nisi
593 2386 721 2440 1udaeus.
743 2385 900 2454 Respondit
921 2402 988 2454 ergo
1009 2389 1086 2455 pater
1106 2386 1258 2440 Abraham:

323 2469 355 2523 Si
376 2470 513 2537 Moysen
532 2473 562 2523 et
585 2470 760 2538 prophetas
781 2487 842 2524 non
863 2471 1009 2537 audiunt,
1030 2486 1085 2523 nec
1104 2472 1131 2523 si
1151 2472 1221 2538 quis
1242 2488 1258 2523 a

322 2555 459 2606 mortuis
472 2555 696 2620 resurrexerit,
708 2554 998 2621 persuadebuntur.
1019 2554 1132 2608 Factum
1145 2558 1195 2621 est,
1209 2556 1257 2607 im-

322 2637 427 2704 pletum
437 2640 491 2691 est:
502 2637 623 2706 Moysen
634 2642 661 2692 et
671 2638 822 2706 prophetas
834 2654 890 2692 non
901 2639 1056 2705 audierunt,
1067 2640 1257 2706 resurgentem

321 2721 466 2774 dominum
480 2723 693 2775 contemserunt.
707 2720 860 2787 Quomodo
875 2723 947 2775 enim
962 2723 1147 2775 contemtores
1162 2721 1299 2789 Moysiaus

321 2808 349 2857 et
363 2804 560 2872 prophetarum
575 2806 732 2872 extiterunt,
748 2807 788 2859 sic
801 2807 991 2873 resurgentem
1007 2822 1023 2858 a
1037 2806 1153 2859 mortuis
1168 2806 1256 2859 domi-

322 2904 387 2942 num
407 2890 502 2943 audire
520 2890 676 2957 noluerunt,
695 2892 791 2943 contra
810 2905 891 2957 quem
910 2889 1001 2944 falsos
1019 2892 1104 2943 testes
1122 2892 1255 2943 emerunt.

322 2972 441 3027 Damus
457 2974 559 3041 uobis,
577 2976 712 3042 inquiunt,
730 2975 899 3042 pecuniam
913 3003 943 3012 -
959 2974 1015 3027 illis
1032 2973 1196 3027 custodibus
1213 2988 1254 3025 se-

320 3058 408 3125 pulcri
425 3089 459 3096 -
474 3059 504 3111 et
519 3059 629 3125 dicite,
647 3060 720 3125 quia
736 3058 830 3112 nobis
846 3058 1083 3112 dormientibus
1099 3060 1255 3111 uenerunt

319 3142 475 3209 discipuli
497 3143 565 3195 cius
585 3144 615 3195 et
636 3142 738 3195 iurati
761 3144 834 3195 sunt
855 3157 932 3195 eum.
954 3140 1054 3195 Testes
1075 3142 1298 3208 dormientes‚210

319 3228 393 3293 emti,
402 3226 536 3292 corrupti,
546 3241 624 3279 suam
633 3227 720 3279 uitam
731 3228 873 3292 negantes
885 3226 975 3279 aliena
986 3225 1061 3279 furta
1071 3224 1253 3281 somniantes!

319 3309 347 3363 Si
369 3309 540 3380 uigilabatis,
561 3325 644 3377 quare
666 3309 743 3363 iures
766 3325 822 3363 non
843 3309 992 3363 tenuistis?
1013 3307 1041 3361 Si
1063 3308 1252 3376 dormiebatis,

318 3394 395 3462 quod
407 3393 565 3448 factumest
576 3394 650 3447 unde
662 3394 793 3447 uidistis?
885 3459 890 3463 ..
924 3459 927 3462 Ι

320 3518 370 3570 132
