2819 4040
596 290 615 329 S.
629 289 733 339 Augustini
747 291 838 329 tractatus

267 412 375 467 bendus
393 415 466 466 esset
482 412 519 466 ob
536 412 590 466 hoc
609 431 624 466 a
641 430 684 467 me
702 413 853 481 aliquando
870 414 1024 468 dubitatum
1042 413 1105 480 fuit,
1123 415 1199 482 quod

268 498 372 553 Psalmi
388 493 433 551 56·ἰ
447 499 532 551 uerba
548 498 616 553 haec
631 501 740 554 cantata
757 515 818 553 esse
835 500 962 554 dieantur
976 498 1120 567 ,Miserere
1137 501 1198 567 mei,

268 584 345 651 deus,
361 584 488 636 miserere
503 584 565 650 mei,
581 583 711 650 quoniam
726 585 754 636 in
768 586 795 637 te
809 584 936 638 conlisa
950 587 999 638 est
1013 585 1105 638 anima
1119 584 1198 650 mea‘,

267 683 327 720 cum
343 665 515 733 Augustinus
532 667 599 720 alibi
615 669 773 721 constanter
789 668 864 735 legat
878 669 1026 723 contidit.
1049 668 1149 723 Verum
1165 682 1199 722 ex

267 752 367 804 recenti
390 751 587 805 dissertatione
611 751 689 805 Pauli
713 751 829 819 Capelle
852 751 899 819 ‚l.a
920 755 993 806 texte
1015 753 1054 806 du
1075 753 1198 820 psautier

267 835 333 889 latin
351 851 385 888 en
401 834 530 903 Afrique‘
550 834 743 906 (Collectanea
761 836 862 889 biblica
878 839 897 890 t.
917 836 961 891 lV.
980 836 1085 895 Romae
1104 834 1197 906 1913),

266 935 292 986 p.
313 919 364 972 142
382 935 422 987 sq.
442 921 552 974 demum
572 920 703 987 intellexi,
722 920 869 974 lectionem·
885 921 1012 975 confisa
1029 924 1079 976 est
1097 921 1133 975 ad
1150 937 1198 975 an-

264 1005 411 1071 tiquiorem
422 1005 634 1058 translationem
646 1005 791 1073 pertinere,
804 1020 874 1072 quae
886 1007 913 1058 in
924 1020 976 1058 usu
988 1006 1117 1075 liturgico
1129 1005 1197 1058 anii-

265 1087 365 1155 phonis
377 1088 560 1143 decantandis
572 1090 659 1143 multo
672 1089 761 1143 adhuc
772 1092 897 1157 tempore
908 1090 1036 1157 perstitit,
1048 1092 1197 1158 postquam

264 1171 411 1226 translatio
429 1174 490 1241 ipsa
508 1174 587 1227 alteri
605 1176 726 1227 cesserat
743 1173 934 1228 emendatiori.
959 1172 1018 1227 Nec
1035 1174 1155 1228 forsitan
1174 1175 1197 1227 is

264 1256 302 1309 ita
319 1272 334 1309 a
347 1272 414 1310 uero
429 1257 544 1325 aberret,
559 1258 605 1325 qui
618 1257 691 1310 hunc
704 1259 795 1325 ipsum
807 1260 953 1311 tractatum
970 1274 985 1310 a
999 1256 1132 1311 Possidio
1140 1275 1162 1313 c.
1171 1258 1196 1313 8.

263 1341 407 1395 hisuerbis
415 1345 540 1397 notatum
548 1343 742 1396 autumauerit:
759 1341 813 1410 ,De
821 1343 1000 1411 responsorio
1022 1340 1111 1410 psalmi
1126 1341 1197 1410 quin·

264 1429 417 1494 quagesimi
430 1430 508 1495 sexti,
520 1427 676 1481 Miserere
689 1429 759 1495 mei,
773 1428 862 1495 deus,
875 1430 1108 1495 misereremei,
1121 1444 1197 1495 quo-

264 1512 346 1564 niam
366 1514 397 1565 in
416 1515 446 1566 te
464 1512 607 1566 conlidit
626 1514 729 1565 anima
748 1512 834 1566 mea!
861 1510 1013 1570 Recitatum
1033 1512 1130 1566 eadem
1150 1512 1196 1565 die

264 1594 356 1650 tuerat
375 1597 549 1664 euangelium
568 1597 669 1650 Matth.
692 1597 733 1664 15,
753 1597 862 1663 21-28‚
883 1599 947 1650 item
968 1597 1038 1650 lecta
1058 1598 1138 1664 epist.
1159 1596 1195 1648 ad

264 1679 344 1738 Rom.
356 1682 381 1749 7,
394 1683 427 1735 14
438 1698 507 1750 sqq,
520 1684 601 1749 atque
613 1698 647 1735 ex
657 1681 707 1735 hac
717 1683 863 1749 praecipue
875 1683 1082 1749 argumentatur
1092 1683 1195 1747 orator,

263 1780 316 1832 qua
332 1767 472 1833 instantia,
487 1769 519 1820 ut
534 1766 587 1819 liat
603 1767 678 1834 quod
694 1767 777 1833 iubet,
793 1765 935 1833 rogandus
951 1767 987 1819 sit
1004 1764 1090 1819 Deus.

291 1873 367 1917 xcm.
381 1874 395 1918 f.
409 1876 449 1917 rsa
461 1875 572 1918 mermi
583 1876 663 1921 rxac
677 1909 682 1919 .
697 1876 737 1918 oe
746 1875 937 1920 vastatione
947 1875 1197 1922 contemnamur

320 1945 412 2000 primam
431 1946 546 1990 lectionem
565 1949 635 1991 sancti
653 1947 764 1991 Daniltelis
783 1948 905 2006 prophetae
985 1949 1050 1991 etiam
1069 1946 1153 1990 exitum
1170 1950 1195 1991 ut

321 2024 409 2083 possitis
425 2024 531 2068 sustinere
545 2058 550 2069 .
565 2035 629 2066 amen
643 2058 648 2067 .
663 2022 736 2065 EXPL'
749 2054 754 2064 .
767 2023 820 2066 etc.

319 2101 470 2169 Augustini
485 2100 538 2168 ,De
553 2100 630 2154 urhis
646 2100 754 2153 excidio
769 2099 870 2153 sermo‘
886 2116 901 2152 a
915 2098 1052 2152 Maurinis
1068 2112 1193 2151 seorsum

260 2188 288 2239 in
296 2189 372 2239 tomo
381 2186 406 2240 6.
414 2188 484 2239 inter
495 2186 550 2239 alia
560 2185 695 2252 opuscula
705 2185 876 2238 conlocatus:
885 2183 981 2251 lllligne
989 2182 1032 2249 40,
1041 2180 1192 2235 llo—724.

290 2306 366 2351 XClV.
378 2307 393 2350 t.
406 2296 461 2349 180ν
476 2306 588 2349 lNClPlT
598 2306 679 2351 :TRAC
693 2339 698 2349 .
712 2305 752 2348 DE
762 2304 906 2351 TEMPORE
916 2302 1084 2349 BARBARICO
1094 2335 1099 2345 .
1109 2302 1194 2356 Magna

320 2378 386 2433 plaga
400 2379 495 2423 uulneris
507 2385 615 2434 inagnum
630 2378 700 2434 exigit
711 2378 832 2421 remedium
847 2413 852 2423 .
867 2410 872 2420 .
886 2409 891 2419 .
906 2378 928 2419 et
942 2376 1057 2419 Arrianunr
1070 2374 1194 2430 prosternet

320 2453 488 2508 rebaptizantem
507 2487 512 2498 .
532 2464 596 2496 amen
616 2485 621 2496 .
641 2449 715 2494 liXPl.l
733 2484 738 2494 .
757 2449 838 2496 Tunc
856 2481 861 2491 .
881 2449 921 2492 DE
932 2447 1075 2494 TEMPORE
1088 2445 1193 2491 BARBA-

318 2527 391 2576 RlCO
404 2562 410 2573 .

319 2604 448 2657 liabetur
465 2603 576 2671 quidem
594 2604 621 2655 in
639 2601 737 2655 eodem
753 2604 832 2654 tomo
849 2599 873 2652 o.
892 2613 982 2652 sermo
998 2595 1051 2665 ,De
1068 2598 1193 2664 tempore

259 2688 413 2742 barbarico‘
428 2687 577 2755 Augustini
593 2686 734 2754 quondam
750 2686 861 2738 nomine
876 2685 1031 2750 inscriptus.
1054 2681 1110 2735 lste
1124 2695 1191 2734 uero

259 2774 373 2826 omnino
398 2772 432 2826 ab
456 2788 489 2825 eo
513 2773 653 2825 diuersus:
677 2771 723 2839 qui
747 2771 866 2838 primum
889 2768 923 2822 ab
945 2766 1055 2834 Angelo
1079 2764 1139 2819 M'ai
1163 2766 1191 2817 in

258 2856 351 2924 ,Noua
369 2855 424 2911 ΡΗ.
443 2855 625 2909 Bibliotheca‘
644 2856 664 2909 l.
682 2855 828 2920 274—282,
846 2853 896 2906 sed
913 2868 947 2906 ex
962 2849 1113 2918 exemplari
1130 2863 1191 2915 pes-

259 2942 329 2994 simo
342 2943 369 2994 et
380 2941 476 2994 ultima
488 2942 565 3008 parte
577 2941 704 2993 truncato
716 2939 807 2991 editus
820 2938 869 2991 est.
890 2936 982 3004 Ipsum
995 2937 1049 2988 iam
1060 2932 1190 2987 omnibus

259 3026 379 3078 numeris
398 3024 556 3077 absolutum
573 3024 609 3077 ad
625 3023 726 3076 calcem
743 3022 824 3076 huius
840 3021 990 3075 uoluminis
1007 3019 1100 3071 denno
1116 3015 1192 3069 euul-

258 3110 343 3178 gabo:
360 3125 393 3163 ex
409 3125 464 3177 quo
480 3111 507 3161 et
523 3108 671 3162 Caesarius
687 3106 822 3161 nonnulla
837 3105 977 3173 expilauit,
994 3106 1076 3170 atque
1092 3103 1120 3155 in
1136 3115 1192 3154 ser-

259 3211 367 3248 monem
381 3193 532 3260 transtulit,
548 3208 628 3259 quem
643 3191 755 3245 Arelate
772 3207 788 3244 a
804 3190 916 3244 Francis
936 3183 1191 3255 Burgundionibus-

259 3295 311 3346 que
328 3279 444 3332 obsessa
461 3294 505 3331 an.
523 3277 577 3330 508
594 3276 630 3328 ad
646 3276 781 3343 populum
798 3274 894 3327 habuit
911 3271 1054 3344 (Append.
1072 3269 1190 3337 August.

260 3379 282 3417 S.
295 3361 371 3433 208),
391 3362 463 3431 Quis
477 3363 568 3416 autem
580 3362 713 3414 tractatus
727 3361 821 3438 auctor
833 3356 978 3411 habendus
991 3357 1035 3422 sit,
1049 3355 1077 3407 in
1089 3354 1191 3407 disser-

257 3501 331 3555 XXX
