2819 4040
232 483 309 558 DE
328 484 607 560 DOMINICA
626 482 919 560 ORATIONE

257 622 404 673 ominicum
420 637 512 674 semen
528 638 576 689 per
590 637 687 675 manus
703 621 812 688 linguae
827 622 939 673 nostrae
955 619 982 672 in
997 631 1043 670 ue-

270 706 333 756 stris
350 704 480 757 cordibus
497 721 527 758 ac
550 701 561 775 ΙΙ
569 707 693 759 cedimus
710 707 855 758 seminare:
872 705 923 770 eia,
940 704 1084 757 fratresrol.
1097 713 1121 750 ar

268 789 329 854 mei,
344 790 483 855 tamquam
498 791 597 841 terram
613 791 713 843 bonam
727 793 819 842 uestra
834 788 918 841 corda
933 789 1040 856 par'ate3

92 882 104 919 5

269 874 360 924 aratro
377 873 463 924 crucis
480 875 657 941 proscindite,
674 877 702 927 et
717 874 835 927 fructum
853 874 967 940 dignum
983 872 1039 924 {deo

110 954 249 1022 agricolae
268 954 379 1008 afferte.
397 954 532 1023 Suscipite
550 974 642 1011 semen
659 960 791 1024 sanctum,
810 973 903 1009 semen
921 957 1038 1021 unicum,

108 1055 204 1093 semen
223 1041 387 1107 pretiosum3
406 1042 544 1108 quoniam,
563 1044 632 1096 sicut
648 1043 772 1110 psalmus
791 1042 865 1107 dicit,
885 1040 1038 1093 Dominus

110 1123 201 1176 dabit
216 1123 400 1190 bonitatem,
417 1126 447 1177 et
462 1128 545 1178 terra
560 1129 670 1179 nostra
684 1126 776 1179 dabit
791 1126 926 1178 fructum
942 1141 1038 1178 suum.

111 1208 206 1262 Nolite
217 1224 279 1262 esse
287 1211 362 1261 *terra
374 1210 463 1275 qualis
474 1213 516 1262 est
525 1212 571 1262 uia
576 1228 582 1275 ;
593 1211 649 1278 ubi,
662 1212 731 1263 sicut
741 1210 871 1263 dominus
883 1210 909 1260 in
921 1222 1038 1275 euange-

80 1293 149 1346 ulio
162 1293 239 1360 dicit,
254 1294 339 1346 missa
355 1295 460 1348 semina
474 1297 500 1347 et
515 1312 530 1347 a
544 1296 752 1350 transeuntibus
766 1295 967 1360 conculcantur,
982 1296 1009 1346 et
1023 1311 1038 1346 a

108 1376 273 1430 uolatilibus
283 1377 459 1444 colliguntur.
471 1378 521 1432 Via
533 1381 575 1432 est
585 1380 657 1432 mala
668 1379 771 1444 suasio,
783 1378 854 1431 male
865 1378 915 1430 tibi
926 1378 1038 1445 loquen-

108 1464 159 1528 tes,
172 1460 244 1514 male
252 1461 302 1514 tibi
311 1461 471 1527 suadentes3
484 1464 507 1515 si
516 1462 711 1515 admittisillos
720 1461 755 1514 ad
764 1475 844 1514 aures
850 1464 920 1527 tuas
934 1462 1038 1514 faciunt

109 1547 192 1617 perte
199 1545 281 1612 uiam,
300 1547 328 1599 et
336 1547 621 1613 quasitranseuntium
629 1547 732 1614 plantis
740 1545 893 1598 obduratur
900 1547 1037 1612 cortuum,

108 1632 139 1683 ut
147 1645 240 1683 semen
248 1630 326 1684 uerbi
333 1631 378 1683 dei
387 1631 462 1698 quod
470 1633 615 1698 percepisti
627 1632 782 1699 germinare
790 1646 845 1682 non
854 1631 954 1697 possit:
965 1630 1038 1683 tolli-

79 1716 153 1767 15tur
165 1715 238 1767 enim
252 1715 317 1767 inde
330 1731 346 1767 a
357 1714 529 1769 uolatilibus
543 1715 675 1768 Volatilia
688 1716 752 1767 sunt
765 1714 895 1767 diabolus
908 1716 935 1767 et
948 1715 1038 1781 angeli

107 1799 176 1864 eius,
196 1798 330 1865 quibuste
338 1800 392 1851 iam
400 1799 545 1866 professus
554 1815 583 1851 es
591 1799 774 1863 renuntiasse;
793 1800 831 1851 ita
840 1799 929 1850 autem
938 1798 1039 1850 tollunt

108 1882 223 1935 uerbum
234 1882 269 1936 de
279 1883 362 1936 conde
372 1885 430 1949 tuo,
441 1885 472 1936 ut
482 1899 531 1935 nec
541 1883 617 1949 quod
627 1882 779 1935 recorderis
791 1883 925 1935 inuenies,
934 1880 1039 1935 Contra

108 1967 178 2019 istos
196 1966 267 2018 tales
285 1982 422 2033 suasores,
441 1967 470 2019 id
488 1968 530 2019 est
548 1967 691 2033 improbos
710 1968 737 2018 et
754 1967 891 2032 pessimos
908 1967 1037 2032 uiatores,

108 2066 156 2117 per
168 2065 261 2103 aurem
271 2067 319 2103 cor
329 2052 514 2118 penetrantes,
525 2052 553 2103 et
563 2050 696 2103 calcando
707 2049 877 2116 indurantes
888 2042 1038 2103 remedium
1077 2059 1091 2087 ⁶³
1100 2067 1123 2114 e,
1133 2067 1172 2088 mre

76 2134 157 2186 2⁰tibi
172 2134 253 2187 datur
265 2136 293 2187 in
307 2135 450 2201 scripturis
463 2135 573 2188 sanctis.
593 2134 659 2188 Vult
672 2134 744 2187 enim
757 2136 784 2187 te
797 2149 888 2186 sermo
902 2133 945 2185 dei
960 2135 1037 2201 quasi
1084 2115 1110 2136 Μ

107 2220 238 2271 rusticum
254 2219 417 2286 diligentem
432 2236 493 2272 esse
508 2221 536 2271 in
552 2233 620 2286 agro
635 2216 688 2285 dei,
704 2218 756 2271 hoc
770 2221 820 2285 est,
836 2219 864 2270 in
879 2219 941 2284 ipso
956 2218 1038 2271 corde

106 2304 167 2367 tuo;
185 2303 212 2354 et
228 2302 295 2368 quid
311 2301 362 2354 tibi
378 2301 465 2355 dicit?
487 2300 560 2368 Sepi
578 2317 669 2355 aures
685 2304 756 2354 tuas
774 2302 886 2368 spinis
909 2298 982 2368 Sepi,
1000 2302 1038 2352 in-

108 2387 174 2453 quit,
191 2387 218 2438 et
232 2387 321 2452 spinis
337 2386 408 2453 sepi:
424 2387 515 2453 utqui
531 2385 608 2438 adire
621 2386 806 2452 temptauerit,
823 2400 879 2437 non
895 2383 984 2437 solum
999 2400 1039 2436 re-

107 2468 233 2536 pellatur,
249 2469 299 2522 sed
314 2470 396 2522 etiam
411 2471 551 2537 pungatur
564 2471 660 2536 spinis,
676 2468 749 2535 Sepi,
764 2485 798 2521 ne
813 2468 865 2520 liat
879 2483 929 2535 per
942 2479 1038 2534 agrum

74 2564 98 2601 25
107 2554 184 2604 tuum
201 2554 310 2605 semita:
327 2554 373 2620 qui
389 2554 507 2605 transire
522 2552 650 2619 uoluerit,
667 2554 813 2619 pungatur,
829 2553 856 2604 et
872 2566 938 2617 ager
953 2552 1038 2604 muni-

107 2638 178 2702 atur;
193 2637 239 2703 qui
251 2637 372 2689 uoluerit
384 2637 457 2689 mala
471 2636 595 2702 suadere,
609 2638 725 2703 punctus
739 2635 878 2688 abscedat.
898 2633 976 2697 Quid
987 2636 1036 2700 est,

109 2721 226 2786 punctus
250 2719 401 2772 abscedat?
428 2718 472 2772 Ne
495 2720 648 2785 suspicetur
669 2721 697 2771 te
720 2718 894 2783 delectatum,
919 2717 1039 2770 inueniat

106 2803 294 2870 indignatum;
306 2819 367 2856 cum
379 2804 452 2856 enim
464 2803 535 2856 male
547 2804 691 2870 acceperis
703 2804 730 2854 et
738 2802 868 2855 malatibi
877 2802 1038 2854 suadentem

106 2887 249 2955 repuleris
265 2903 346 2940 nemo
359 2887 410 2939 tibi
425 2887 538 2940 audebit
552 2886 624 2939 mala
638 2885 763 2952 suadere,
778 2888 805 2939 et
818 2887 871 2938 erit
883 2887 958 2938 tutus
972 2900 1037 2951 ager

74 2971 1036 3041 antuus:quoniamcorrumpuntmor‘esb'onoscolloquiamala.

165 3058 190 3110 2.
213 3055 280 3111 Noli
295 3072 357 3108 esse
372 3057 456 3108 etiam
471 3071 535 3123 ager
550 3056 706 3122 lapidosus:
723 3071 789 3121 ager
804 3056 877 3108 enim
893 3053 1035 3121 lapidosus

104 3156 164 3193 cum
179 3142 285 3193 semina
298 3141 439 3208 acceperit,
454 3141 537 3194 altam
550 3139 670 3193 radicem
683 3140 789 3192 semina
802 3140 892 3206 figere
905 3155 959 3191 non
972 3154 1036 3205 pos-

104 3228 168 3278 sunt
182 3226 209 3277 in
222 3224 327 3292 lapide3
339 3224 376 3277 ¹de
388 3225 517 3291 proximo
530 3225 638 3290 exeunt,
652 3223 702 3275 sed
715 3226 795 3276 aestu
807 3223 883 3276 facto
896 3223 950 3275 cito
963 3237 1035 3275 ares-

103 3311 176 3363 cunt.
192 3309 301 3376 Tales,
310 3308 407 3376 inquit,
418 3311 491 3361 sunt
501 3339 534 3345 -
545 3309 605 3375 ipse
614 3308 754 3374 dominus,
764 3309 825 3376 ipse
834 3308 907 3360 enim
917 3307 962 3374 qui
971 3322 1035 3373 pro-

72 3393 334 3460 asposuit-tales,
354 3393 451 3460 inquit,
470 3393 542 3445 sunt
562 3393 614 3459 qui
632 3391 768 3445 audiunt
786 3392 926 3458 uerbum,
946 3390 1034 3445 etad
1058 3412 1176 3446 alannus.

104 3509 138 3546 ¹2*
987 3510 1038 3563 179
