2819 4040
466 316 498 354 Xi.
510 314 541 353 De
553 316 609 355 tertia
621 317 670 356 teria
683 316 769 358 Paschae

151 440 306 496 uenientem
331 441 422 496 tactae
446 442 511 494 sunt
535 442 626 496 anima
646 459 709 511 una,
734 444 842 497 miraris
866 443 931 511 quia
955 442 1034 510 pater
1057 442 1085 494 et

108 536 143 575 1³5
151 523 229 579 tilius
244 529 271 579 et
284 527 398 595 spiritus
412 526 523 578 sanctus
536 539 607 578 unus
621 530 663 581 est
676 529 765 582 deus?
786 528 889 596 ltaque,
904 528 1005 581 fratres
1021 525 1237 608 mebafss‘e‘ssfssfifia

151 611 242 664 tenete
266 611 450 664 fortissimam
472 612 499 663 et
522 611 724 678 integerrimam
748 615 775 666 et
798 612 960 666 catholicam
984 609 1082 663 fidem.
1123 587 1204 657 {uriom

151 690 273 755 Quando
286 693 389 747 auditis
400 693 445 745 uel
459 693 551 760 legitis
564 695 591 747 in
604 698 754 764 scripturis,
766 697 816 750 ubi·
826 695 983 749 ostenditur
995 695 1084 748 maior

150 779 236 845 pater,
256 779 376 831 formam
394 779 468 831 serui
487 778 610 846 recolite;
630 782 677 834 ubi
696 785 787 835 autem
806 782 898 848 legitis
917 796 1001 833 unum
1020 794 1082 832 esse

149 864 255 929 patrem
270 866 297 916 et
311 863 411 929 filium,
426 862 600 917 diuinitatem
613 867 723 920 credite.
746 865 781 919 Et
795 866 818 919 si
834 881 889 919 non
904 867 971 918 estis
986 864 1080 918 idonei

107 947 209 1013 nocogi

208 1032 233 1085 ὑ,
249 1030 294 1102 (5)
308 1034 376 1099 tare,
389 1034 482 1085 tamen
495 1032 582 1086 tidem
595 1036 697 1087 tenete:
717 1036 778 1102 ipsa
792 1032 925 1101 perducit,
940 1034 1000 1101 ipsa
1013 1033 1081 1086 iacit

149 1116 180 1167 ut
196 1130 282 1183 opera
298 1118 392 1169 uestra
408 1116 483 1169 bona
501 1121 675 1184 acceptentur
691 1118 754 1171 deo.
779 1116 880 1171 Omne
897 1118 978 1170 enim
997 1118 1081 1184 quod

149 1216 212 1253 non
227 1201 327 1253 estex
342 1201 423 1268 fide,
438 1205 599 1268 peccatum
614 1206 670 1257 est.
694 1202 769 1256 Dicit
783 1202 865 1255 uobis
880 1201 988 1268 aliquis
1004 1200 1081 1255 Mor-

148 1286 211 1336 tuus
233 1286 276 1337 est
296 1283 446 1339 Christus?
472 1284 618 1340 Confitere
638 1290 785 1353 mortuum,
807 1285 857 1338 sed
878 1286 906 1337 in
927 1301 1016 1338 carne.
1045 1284 1081 1337 Et

105 1376 139 1414 145
149 1368 209 1434 quis
227 1370 269 1420 est
285 1368 430 1422 mortuus?
454 1368 558 1423 Unicus
575 1370 619 1423 dei
637 1370 724 1436 iilius,
741 1370 873 1422 dominus
890 1370 985 1421 noster
1003 1366 1079 1421 lesus

148 1450 287 1506 Christus.
315 1451 390 1519 Ergo
409 1453 525 1506 moritur
542 1454 694 1508 diuinitas?
720 1453 784 1507 Non
804 1453 921 1506 moritur
938 1452 1079 1505 diuinitas

148 1535 213 1589 Non
225 1539 269 1589 est
281 1553 348 1604 ergo
361 1541 486 1592 mortuus
500 1537 648 1593 Christus?
660 1538 794 1592 Mortuus
805 1539 847 1590 est
859 1537 928 1590 deus
942 1535 1079 1590 Christus

146 1619 299 1686 Quomodo
314 1624 438 1676 mortuus
448 1624 494 1675 est
507 1622 576 1675 deus
591 1622 729 1687 Christus,
743 1622 767 1673 si
781 1621 915 1674 diuinitas
930 1636 985 1672 non
999 1620 1080 1673 inori-

146 1705 210 1759 tur?
237 1703 390 1768 Quomodo
412 1707 512 1759 mortui
535 1708 646 1760 suntet
667 1705 789 1773 apostoli
812 1705 840 1757 in
862 1720 952 1769 carne,
974 1719 1030 1756 non
1052 1704 1080 1755 in
1094 1713 1225 1778 cinomanna

104 1798 139 1835 150
147 1789 246 1843 anima.
272 1789 328 1842 Ubi
345 1792 388 1843 est
405 1806 472 1858 ergo
489 1792 614 1843 mortuus
632 1789 786 1856 apostolus,
805 1789 939 1854 incarne,
958 1789 1080 1854 sicergo
1110 1763 1210 1839 Vissiffl

147 1875 271 1926 mortuus
284 1876 327 1926 est
338 1872 467 1927 Christus
480 1875 608 1927 incarne.
627 1872 734 1926 Tamen
747 1872 876 1926 Christus
890 1875 932 1925 est
944 1873 1080 1924 mortuus:

146 1957 197 2009 etsi
213 1959 339 2024 exparte
354 1972 408 2024 qua
422 1959 492 2010 mori
508 1958 606 2024 potuit,
622 1973 678 2010 non
693 1958 786 2009 tamen
801 1971 835 2008 ex
849 1955 995 2008 diuinitate
1010 1955 1080 2007 mori

146 2041 245 2107 potuit.
268 2041 301 2094 ln
315 2043 477 2108 principio
491 2043 563 2095 eninr
577 2043 645 2094 erat
657 2040 806 2107 Verbum,
820 2042 850 2093 et
863 2039 998 2093 Verbum
1012 2042 1081 2093 erat

146 2125 230 2192 apud
244 2125 347 2192 deum,
362 2127 393 2179 et
407 2126 485 2179 deus
500 2128 567 2178 erat
581 2125 727 2178 Verbum.
749 2123 805 2177 Ubi
821 2124 915 2178 mors?
935 2138 1079 2191 nusquam.

103 2207 177 2260 1551n
193 2210 330 2276 principio
344 2226 400 2263 non
416 2211 458 2262 est
472 2209 576 2262 factum
590 2209 720 2275 Verbum,
735 2209 806 2262 sicut
820 2209 848 2260 in
863 2208 998 2275 principio
1014 2208 1080 2260 iecit

145 2292 213 2344 deus
226 2292 332 2345 caelum
344 2295 371 2346 et
383 2296 496 2346 terram:
514 2293 566 2346 boc
578 2293 645 2345 tecit
657 2293 785 2346 Verbum.
805 2290 883 2355 Quid
895 2294 954 2344 erat
966 2294 993 2345 in
1006 2293 1079 2359 prin·

145 2376 237 2442 cipio?
263 2375 339 2443 Ergo
356 2378 415 2429 erat
432 2376 562 2443 Verbum,
579 2378 606 2430 et
623 2376 744 2430 Verbum
762 2379 822 2429 erat
839 2377 914 2444 apud
934 2374 1032 2442 Deum,
1053 2376 1080 2428 et

147 2457 223 2512 Deus
242 2463 300 2513 erat
317 2460 446 2515 Verbum,
471 2459 582 2523 Quaere
600 2463 725 2527 mortem,
744 2477 800 2513 non
819 2462 939 2513 iuuenis:
964 2475 1020 2512 non
1038 2461 1080 2511 est

145 2543 200 2610 ubi,
217 2560 274 2597 non
290 2547 333 2597 est
348 2545 431 2611 unde,
448 2561 503 2598 non
520 2547 562 2598 est
579 2546 649 2612 quis.
673 2545 737 2598 Non
754 2547 797 2597 est
813 2544 871 2611 ubi,
885 2545 950 2611 quia
966 2559 1022 2596 non
1038 2544 1080 2596 est

102 2628 216 2679 rcointer
231 2644 329 2681 manus
346 2628 523 2682 Iudaeorum:
546 2646 602 2682 non
617 2631 660 2682 cst
674 2628 757 2694 unde,
773 2629 837 2695 quia
853 2643 909 2680 non
925 2626 1009 2680 habet
1023 2643 1080 2679 car-

144 2727 206 2764 nem
219 2714 247 2764 et
259 2714 433 2779 sanguinem:
454 2729 510 2766 non
522 2715 565 2766 est
577 2713 647 2780 quis,
660 2713 728 2765 deus
742 2715 792 2779 est,
805 2711 930 2779 aequalis
944 2714 986 2764 est
999 2712 1078 2778 patri.

146 2794 228 2848 Unde
244 2811 311 2862 ergo
326 2797 472 2850 mortuus?
492 2796 629 2850 Verbum
643 2812 717 2849 caro
733 2796 852 2849 iactum
869 2798 928 2861 est,
945 2798 975 2848 et
990 2795 1079 2847 habi-

144 2880 225 2931 tauit
241 2880 271 2931 in
288 2879 390 2934 nobis

206 3031 215 3071 t
234 3030 291 3075 Vide
308 3029 402 3075 Praeiat.
418 3029 448 3073 ‘ad
465 3043 486 3073 n.
503 3030 612 3072 XXXVii.
641 3029 706 3073 Nulla
722 3031 813 3073 omnino
830 3030 941 3084 inscriptio
958 3031 980 3073 in
998 3031 1078 3081 codiee,

143 3115 215 3157 neque
232 3105 291 3146 certo
307 3101 395 3145 definiri
411 3105 492 3156 potest,
509 3104 583 3145 utrum
599 3102 627 3146 ad
644 3102 770 3155 secundam,
788 3115 816 3145 an
834 3101 863 3145 ad
880 3102 963 3145 tertiam
982 3100 1078 3143 Paschae

144 3175 221 3219 feriam
243 3187 315 3218 sermo
336 3175 452 3229 pertineat,
476 3175 527 3228 lege
547 3176 578 3217 sis
598 3176 671 3217 tamen
692 3176 738 3220 not.
760 3175 788 3218 ad
810 3175 823 3219 l.
839 3175 886 3217 163.
920 3176 933 3217 4
955 3175 1077 3217 auterens

144 3248 287 3302 mroriturisl
309 3248 335 3293 ct.
351 3247 419 3291 Serm.
437 3248 484 3300 147,
500 3249 524 3290 3:
539 3246 690 3302 ,Resurgendo
706 3246 808 3293 Christus
824 3247 912 3290 abstulit
926 3247 1000 3291 mortis
1017 3247 1079 3289 timo·

143 3321 204 3365 rem!
231 3320 299 3362 Porro
312 3319 347 3361 hic
359 3319 402 3362 iam
415 3319 508 3373 primum
522 3318 626 3361 rimarum
638 3319 748 3371 indicium,
761 3331 803 3362 nec
815 3318 882 3362 ullum
896 3331 924 3361 ex
937 3318 1078 3372 sequentibus

143 3391 271 3447 fragmentis
289 3392 339 3434 huic
354 3391 415 3435 initio
433 3391 588 3434 conuenienter
604 3391 696 3445 aptatur.
734 3392 760 3432 17
778 3390 863 3445 nobis]
882 3391 928 3434 ioh.
947 3391 980 3443 14,
998 3391 1016 3432 8.
1050 3391 1078 3432 30

1041 3502 1078 3563 43
