2819 4040
617 299 715 339 Praefatio

200 425 202 428 ’
261 424 297 478 Et
318 429 346 482 in
367 433 401 485 iis
424 429 536 499 quidem
558 439 717 480 sermonum
738 426 849 494 lih'ellis,
872 437 943 493 quos
965 426 1054 479 aetate
1077 426 1132 478 iam

200 506 356 575 prouectior
369 507 534 577 composuit,
549 504 663 558 liberius
679 505 713 558 ab
727 523 760 560 eo
774 523 805 560 ac
819 504 991 571 frequentius
1005 503 1132 558 admoni-

199 585 290 637 tiones
305 599 370 639 suae
384 586 570 650 homiliaeque
585 584 703 637 insertae
718 587 792 651 sunt3
807 587 835 639 in
850 581 989 651 prioribus
1006 583 1132 636 econtra

200 658 287 715 multo
302 664 417 732 parcius,
432 664 473 717 uti
487 660 584 715 uidere
598 662 640 714 est
654 663 683 714 in*
696 665 842 717 notissima
855 658 1017 730 collectione
1032 659 1130 728 ‚Quin-

200 738 331 808 quaginta
354 738 548 805 homiliarum‘,
572 754 724 806 quaecum
747 740 859 795 nonnisi
883 738 1035 793 octodecim
1059 738 1130 793 Cae-

200 817 323 872 sarianas
343 822 487 873 contiones
507 817 713 887 complectatur,
734 835 836 888 easque
856 817 1003 870 maximam
1022 820 1130 885 partem

200 912 233 950 ex
250 894 368 949 diuersis
385 898 542 965 congestam,
560 898 649 949 cetera
666 896 879 966 augustinianis
896 897 1029 963 excerptis
1048 898 1130 964 atque

199 973 359 1029 tractatibus
378 977 496 1029 constat.
522 973 607 1041 utqui
626 977 725 1030 minori
745 976 836 1031 adhuc
853 989 967 1027 numero
987 977 1015 1028 in
1034 977 1129 1029 nostra

199 1050 307 1121 sylloge
328 1055 489 1122 comparent
511 1050 546 1104 ab
568 1053 630 1120 ipso
652 1053 786 1108 Caesario
807 1051 956 1119 conscripti
978 1067 1128 1121 sermones,

199 1145 280 1199 quam
295 1129 396 1184 idcirco
411 1131 448 1184 ad
463 1131 522 1183 eius
537 1131 712 1200 episcopatus
726 1128 881 1201 primordia
896 1131 1031 1196 pertinere
1045 1132 1128 1184 facile

199 1205 370 1262 crediderim.
391 1208 478 1273 Quod·
491 1207 564 1260 idem
578 1208 631 1263 alia
644 1213 751 1264 ratione
764 1207 865 1262 deduci
879 1211 979 1275 potest,
993 1209 1127 1263 extribus

199 1294 297 1351 nempe
312 1284 417 1339 ultimis
433 1285 603 1354 tractatibus,
620 1290 666 1355 qui
682 1303 779 1342 omnes
795 1285 833 1339 ad
849 1284 922 1338 bella
937 1286 1093 1353 damnaque
1113 1304 1128 1341 a

198 1362 323 1417 barbaris
340 1361 452 1430 Romae,
468 1362 639 1432 Carthagini,
654 1367 787 1420 uniuerso
802 1363 918 1430 imperio
934 1363 1041 1416 inflicta
1056 1364 1128 1418 refe·

197 1441 304 1494 runtur:
316 1454 433 1507 quorum
444 1441 594 1495 secundum
604 1457 665 1496 cum
676 1442 836 1508 Caesarius,
848 1440 913 1493 dum
924 1441 959 1494 de
969 1440 1127 1495 arelatensi

198 1517 346 1573 obsidione
360 1536 403 1573 an.
417 1519 470 1572 508
483 1520 566 1572 uerba
580 1521 690 1587 iaceret,
704 1517 842 1587 expilarit,
855 1534 972 1585 pronum
986 1520 1029 1571 est
1041 1520 1128 1571 totam

197 1596 388 1651 collectionem
408 1597 460 1650 sub
480 1597 551 1651 idem
570 1602 678 1667 tempus
697 1597 854 1651 confectam
873 1598 1004 1650 conicere.
1032 1595 1128 1663 ltaque

197 1675 248 1727 hoc
261 1689 370 1741 quoque
383 1676 454 1727 inter
465 1677 553 1729 cetera
564 1693 586 1731 s.
601 1679 750 1744 episcopus
762 1675 802 1727 rei
815 1675 951 1727 literariae
962 1674 1128 1728 christianae

196 1750 341 1820 profuerit,
354 1752 430 1819 quod
441 1755 532 1821 magni
542 1752 701 1821 llugustini,
713 1753 791 1805 cuius
802 1752 1056 1820 ,catholicissimum
1068 1767 1128 1805 sen-

197 1830 267 1883 sum‘
285 1846 393 1897 semper
409 1831 505 1885 dilexit
523 1830 607 1901 (Vita
625 1834 660 1899 ll,
676 1829 736 1900 46),
753 1830 820 1885 haec
835 1831 1064 1899 splendidissima
1083 1845 1128 1884 su-

195 1906 288 1975 pellex
306 1923 430 1975 opesque
448 1925 510 1963 uere
529 1911 621 1978 regiae
640 1910 762 1977 posteris
782 1910 906 1962 seruatae
926 1909 989 1962 sint,

256 1990 378 2045 Prodeat
392 1993 502 2046 tandem
516 1994 561 2046 uel
577 1994 786 2047 luctuosissimo
800 1996 924 2059 tempore
939 1992 1009 2046 liber
1024 1993 1127 2058 insigni

196 2069 284 2122 diuini
309 2069 436 2124 Numinis
459 2072 597 2125 beneficio
621 2072 769 2125 diuturnae
792 2071 928 2125 obliuioni
952 2072 1072 2137 ereptus,
1097 2087 1127 2124 ac

195 2150 307 2201 nostrae
325 2150 420 2202 aetatis
437 2149 596 2202 hominihus
614 2150 778 2216 argumento
801 2151 845 2215 sit,
861 2148 937 2201 hello
954 2149 1038 2202 etiam
1055 2150 1127 2202 atro-

194 2227 306 2279 cissimo
318 2226 418 2294 ubique
430 2229 564 2281 terrarum
577 2229 661 2294 impie
673 2229 818 2294 grassante
830 2242 920 2280 arcem
933 2227 1032 2280 saltem
1042 2242 1126 2280 unam

192 2306 281 2357 tutam
298 2320 449 2371 superesse,
465 2306 493 2358 in
510 2320 563 2371 qua
578 2305 756 2358 humaniores
772 2307 886 2371 mentes
904 2307 931 2357 in
948 2321 1001 2372 qua
1017 2320 1123 2371 omnes,

194 2384 240 2449 qui
256 2385 283 2436 in
299 2383 410 2436 Christo
426 2383 527 2436 iratres
543 2400 573 2436 se
588 2400 649 2436 esse
664 2384 845 2449 meminerint,
861 2382 982 2450 profana
996 2383 1064 2436 odia
1078 2383 1124 2436 de-

192 2461 308 2528 discant,
328 2462 451 2514 ueritatis
472 2461 741 2529 pulchritudinisque
761 2462 896 2531 religione
915 2461 1093 2515 concordent.

252 2543 408 2596 Scribebam
421 2544 534 2598 Monaci
548 2544 594 2598 die
608 2544 693 2599 natali
708 2544 821 2598 Domini
835 2546 924 2597 nostri
939 2545 1001 2598 lesu
1014 2541 1122 2601 ,Christi

192 2638 235 2675 an.
253 2620 446 2676 MCMXVI.

715 2706 914 2761 Germanus
933 2706 1061 2762 Morin.
1122 2718 1124 2721 ’

1013 3494 1119 3548 xxxin
