2819 4040
521 363 589 401 ΧΧΙΧ.
603 363 633 402 De
646 364 723 403 Martha
737 367 756 403 et
769 365 831 404 Maria

211 485 249 537 ait
273 484 387 539 Paulus:
416 485 506 541 Nunc
528 488 678 556 uiuimus,
701 490 727 543 si
750 505 808 543 uos
831 489 926 543 statis
950 489 980 541 in
1003 487 1143 541 domino.

168 581 202 617 145
211 567 317 623 Tantus
334 570 489 637 apostolus,
506 571 590 623 immo
606 587 654 638 per
671 574 828 641 apostolum
845 571 984 639 Christus,
1001 573 1075 625 stare
1092 584 1144 624 nos

211 653 299 707 iussit.
319 652 472 716 Quomodo
484 654 549 707 item
562 656 620 722 ipse
634 659 787 725 apostolus,
800 660 884 711 immo
896 658 956 725 ipse
969 672 1018 724 per
1030 656 1144 723 aposto·

212 735 267 789 lum
293 736 432 803 Christus,
456 738 524 790 dicit
548 738 637 806 nobis
662 741 883 796 Verumtamen
908 743 939 794 in
965 741 1049 808 quod
1073 755 1143 808 per-

211 823 368 888 uenimus,
391 823 422 873 in
444 837 481 874 eo
502 822 706 878 ambulemus?
743 828 796 880 llic
819 829 900 892 stare,
924 826 967 878 hic
990 826 1143 879 ambulare:

211 921 307 972 parum
333 908 375 958 est
399 906 549 975 ambulare,
574 907 624 962 Sic
648 914 777 978 currite,
803 915 837 965 ut
860 911 1142 978 conprehendatis

169 1002 202 1040 150
210 988 355 1043 Attendite
374 991 474 1058 itaque,
493 993 636 1061 carissimi,
655 998 682 1048 et
701 996 865 1063 intellegite:
884 997 911 1047 et
930 994 1071 1048 ambulare
1090 1011 1142 1049 nos

211 1074 295 1142 iubet,
311 1076 338 1127 et
353 1074 427 1128 stare
443 1091 495 1128 nos
511 1077 597 1142 iubet;
617 1095 672 1132 non
688 1082 726 1147 ut,
743 1079 855 1147 quando
871 1080 985 1146 stamus
1001 1079 1142 1133 ambulare

211 1160 380 1226 desinamus
403 1162 458 1227 aut,
480 1163 592 1228 quando
614 1164 795 1231 ambulamuS,
817 1166 891 1217 stare
913 1179 1063 1229 cessemus;
1091 1164 1142 1218 sed

210 1245 292 1298 simul
305 1247 459 1312 utrumque,
472 1248 499 1299 et
511 1250 622 1315 stemus,
634 1251 661 1301 et
672 1265 822 1302 curramus.
838 1246 916 1310 Quid
928 1250 978 1314 est,
990 1250 1017 1300 et
1028 1251 1140 1315 stemus

211 1331 238 1382 et
252 1329 413 1383 curramus?
435 1329 471 1383 Et
485 1347 702 1400 permaneamus,
718 1335 745 1386 et
760 1332 951 1401 proficiamus,
969 1331 1044 1384 Vias
1059 1335 1141 1398 tuas,

168 1413 347 1480 rss'domine,
368 1417 462 1467 notas
481 1415 532 1468 iac
551 1416 635 1470 mibi.
662 1417 765 1485 Utique
785 1433 835 1485 per
853 1416 914 1468 uias
934 1415 1041 1467 domini
1060 1417 1140 1469 notas

210 1498 299 1552 factas
317 1498 384 1565 quid
400 1498 533 1567 iubemur,
550 1502 602 1554 nisi
620 1502 780 1555 ambulare?
803 1500 914 1554 Deduc
929 1515 987 1566 me,
1003 1500 1141 1567 domine,

210 1584 241 1635 in
257 1584 309 1636 uia
324 1585 389 1636 tua:
411 1584 478 1650 quid
495 1587 631 1652 optamus,
649 1586 702 1638 nisi
718 1584 879 1638 ambulare?
902 1582 938 1636 Et
953 1599 1047 1637 rursus
1064 1585 1142 1651 quasi

210 1666 263 1734 figi
282 1683 339 1720 uno
358 1667 431 1720 loco:
458 1667 503 1721 Ne
522 1670 578 1722 des
599 1669 638 1722 ad
656 1669 848 1723 mouendum
868 1667 966 1734 pedes
986 1683 1079 1721 meos.
1108 1667 1142 1720 Et

210 1753 353 1821 gratulans
372 1752 428 1806 alio
445 1770 584 1822 agensque
600 1756 717 1822 gratias:
743 1754 782 1807 Et
800 1769 862 1806 non
879 1752 968 1805 dedit
984 1754 1012 1805 in
1030 1755 1143 1806 motum

168 1858 202 1896 ιω
210 1837 309 1904 pedes
322 1853 417 1892 meos.
436 1837 464 1891 Si
477 1840 501 1891 ei
515 1839 662 1892 diceretur:
681 1837 835 1908 Quomodo
847 1838 907 1890 uias
920 1837 1027 1891 domini
1039 1838 1143 1904 optasti

210 1925 291 1975 notas
303 1922 366 1975 lieri
376 1923 435 1990 tibi,
447 1924 588 1990 quomodo
598 1926 626 1976 te
637 1924 672 1976 ab
683 1923 733 1976 illo
744 1924 772 1976 in
781 1924 828 1976 uia
839 1923 898 1975 eius
908 1922 1009 1975 deduci
1019 1923 1142 1988 uoluisti,

210 2009 237 2059 et
253 2009 334 2074 optas
351 2023 406 2060 non
423 2010 528 2061 moueri
544 2008 630 2076 pedes
646 2012 719 2074 tuos,
735 2009 896 2076 gratiasque
912 2008 972 2074 agis
989 2023 1044 2060 non
1061 2008 1143 2061 datos

209 2092 237 2143 in
257 2094 414 2148 motu<m>
434 2092 520 2159 pedes
539 2092 624 2145 tuos?
649 2092 791 2159 quomodo
811 2091 968 2158 ambulasti,
989 2093 1035 2159 qui
1055 2090 1141 2158 pedes

210 2193 265 2230 non
284 2177 415 2230 mouisti?
438 2177 620 2245 responderet
637 2176 700 2229 tibi:
727 2176 762 2229 Et
781 2175 930 2241 ambulaui,
949 2177 1013 2243 quia
1030 2176 1096 2242 ieci;
1116 2178 1143 2228 et

166 2276 201 2313 105
209 2262 282 2328 steti,
293 2261 422 2328 quianon
433 2263 542 2315 recessi.
560 2260 656 2314 Nolite
667 2276 734 2328 ergo
745 2263 846 2327 mirari,
857 2260 971 2313 tratres:
988 2276 1056 2327 ecce,
1068 2260 1143 2329 quod

209 2361 265 2397 non
276 2346 370 2412 potest
380 2360 489 2412 corpuS,
501 2347 594 2412 potest
606 2346 723 2399 animus.
742 2344 899 2398 Secundum
909 2360 1019 2412 corpuS,
1032 2343 1142 2412 quando

210 2430 343 2496 ambulaS,
364 2445 419 2481 non
439 2432 508 2483 stas:
535 2429 648 2498 quando
667 2432 735 2496 stas
756 2446 811 2483 non
832 2428 970 2494 ambulas;
993 2429 1142 2482 secundum

210 2515 338 2577 animum,
357 2514 508 2567 secundum
525 2513 622 2579 iidem,
641 2513 792 2566 secundum
809 2513 909 2566 mentis
928 2514 956 2564 in
968 2508 1141 2582 {tentionem
1152 2534 1196 2570 niv

208 2601 235 2651 et
247 2601 289 2651 sta
301 2600 328 2651 et
340 2597 459 2664 ambula,
472 2600 499 2651 et
512 2614 642 2667 permane
654 2600 682 2650 et
693 2598 809 2665 profice,
822 2599 887 2665 quia
899 2613 980 2650 nunc
991 2600 1141 2663 uiuimus,

166 2683 235 2736 nusi
251 2698 309 2735 uos
324 2683 419 2734 statis
436 2684 467 2734 in
484 2683 628 2748 domino,
645 2683 672 2734 et
687 2681 738 2734 Sic
752 2683 880 2748 currite,
897 2684 930 2733 ut
945 2683 1141 2749 conprehen-

208 2766 303 2820 datis
326 2764 370 2818 Sic
386 2782 462 2833 ergo,
478 2767 623 2833 carissimi,
641 2768 668 2820 et
684 2766 827 2833 sedebitis,
844 2768 871 2818 et
887 2766 1007 2819 stabitis.
1030 2765 1141 2820 Sedebi-

209 2867 277 2918 mus,
293 2852 357 2919 quia
370 2851 510 2905 humiliter
523 2854 674 2906 creatorem
689 2854 902 2919 conspiciemus;
920 2852 1063 2918 stabimus,
1079 2852 1141 2920 quia

209 2938 236 2988 in
252 2938 391 2989 aeternum
405 2936 586 2990 manebimus,
1083 2941 1084 2944 ’

268 3021 292 3075 b.
314 3020 386 3072 Nam
406 3020 469 3088 plus
490 3022 577 3075 addo:
597 3024 625 3074 et
644 3022 807 3075 discubituri
828 3038 931 3090 sumus
952 3022 1028 3090 quod
1047 3024 1141 3089 utique

165 3121 199 3158 175
209 3122 257 3158 nec
268 3106 364 3158 sedere
374 3121 423 3158 nec
433 3108 506 3158 stare
517 3109 567 3160 est.
586 3105 807 3161 Discumbemus.
826 3107 891 3160 Non
902 3108 1031 3161 auderem
1042 3108 1141 3173 dicere,

208 3191 262 3243 nisi
282 3190 454 3258 promitteret
472 3191 613 3244 dominus:
641 3190 751 3244 Faciet
769 3195 826 3245 'eos
845 3192 1053 3245 discumbere.
1074 3189 1141 3244 Pro-

209 3275 320 3327 mittens
341 3290 470 3341 magnum
490 3275 642 3342 praemium
663 3276 751 3328 seruis
773 3277 842 3329 suis:
872 3276 981 3329 Faciet
1000 3291 1055 3328 eos
1076 3276 1141 3328 dis-

208 3358 365 3424 cumbere,
390 3359 486 3425 inquit,
508 3361 538 3411 et
560 3359 724 3412 transiens
748 3360 946 3413 ministrabit
969 3375 1032 3413 eos.
1063 3359 1142 3412 llaec

208 3443 289 3495 nobis
304 3443 362 3496 uita
376 3443 554 3510 promittitur,
570 3444 633 3510 quia
649 3443 732 3497 faciet
748 3461 799 3498 nos
813 3445 987 3498 discumbere
1001 3444 1140 3511 dominus

1091 3564 1141 3617 123
