2987 4040
489 598 815 678 PRAEFATIO

333 785 400 840 odex
411 783 627 854 Guelferbytanus
639 786 716 851 4096,
729 786 793 840 inter
801 786 1057 856 Wissemburgenses
1070 785 1125 839 sine

345 869 396 923 ullo
409 872 479 923 certo
492 872 595 924 auctore
608 871 794 935 adnumeratus,
807 872 839 924 ab
849 870 883 925 Ο.
892 871 1084 925 nlleinemann
1098 870 1123 923 in

345 970 393 1007 suo
401 952 530 1024 Catalogo
539 954 618 1021 tVlll,
626 957 713 1025 12273,
723 955 832 1009 breuiter
841 959 918 1025 atque
928 955 996 1008 haud
1007 955 1040 1008 ita
1050 972 1122 1009 accu-

344 1041 397 1092 rate
409 1038 550 1109 descriptus
563 1043 607 1093 est.
626 1040 693 1094 Nam
707 1040 764 1093 licet
777 1039 809 1092 ibi
823 1040 926 1093 saeculo
937 1039 961 1092 X
971 1039 1123 1109 adsignetur,

190 1125 421 1192 peritissimorum
450 1127 541 1178 tamen
569 1128 691 1180 uirorum
720 1126 800 1180 Pauli
830 1125 970 1178 Lehmann
999 1128 1026 1179 et
1054 1126 1123 1178 eheu

190 1224 277 1277 nuper
296 1210 324 1262 in
341 1208 417 1263 hello
436 1210 519 1277 impie
538 1212 620 1263 occisi
640 1210 786 1279 Sigmundi
805 1209 889 1263 Tafel
909 1209 1011 1262 iudicio
1029 1211 1122 1277 potius

190 1295 263 1345 stare
281 1293 356 1360 libet,
375 1295 420 1361 qui
438 1293 538 1347 librum
556 1296 667 1348 saeculo
687 1294 734 1361 lX,
752 1297 779 1347 et
797 1293 908 1362 quidem
927 1294 954 1345 in
972 1291 1122 1346 Germania

190 1377 409 1444 septentrionali,
429 1378 560 1445 scriptum
578 1379 644 1441 milri
662 1377 873 1431 confirmarunt.
900 1374 1020 1429 Constat
1038 1375 1123 1428 modo

191 1460 242 1515 104
256 1459 335 1514 foliis
348 1476 470 1528 pergam.
485 1461 574 1514 33x25
587 1478 647 1528 cm,
662 1464 690 1514 at
703 1462 776 1514 certe
790 1460 871 1512 initio
884 1461 911 1512 et
925 1459 984 1511 fine
998 1458 1122 1511 mutilus:

190 1560 253 1597 nam
270 1546 409 1612 exprimo
428 1546 607 1612 quaternione
624 1546 736 1599 nonnisi
754 1547 861 1611 septem
878 1542 949 1596 tolia
966 1546 1122 1610 supersunt,

190 1628 280 1695 primo
298 1628 370 1682 folio
388 1630 442 1682 iam
461 1628 525 1681 inde
544 1646 559 1682 a
578 1628 673 1682 multis
690 1629 808 1681 saeculis
827 1626 965 1691 abscisso3
986 1642 1020 1678 ex
1038 1624 1122 1679 XXV.

188 1727 263 1778 uero,
279 1712 326 1779 qui
339 1727 412 1765 nunc
426 1712 548 1779 ultimus,
562 1728 647 1766 unum
662 1712 764 1765 folium
779 1713 878 1777 exstat,
893 1711 936 1763 cui
952 1706 1068 1763 alterum
1082 1725 1122 1761 re-

187 1794 290 1848 centiori
322 1797 403 1849 aetate
431 1798 544 1864 aptatum
576 1799 620 1850 est.
669 1795 733 1857 Quo
761 1794 864 1858 tactum,
893 1796 921 1846 ut
949 1797 974 1846 et
1001 1794 1124 1846 consueta

188 1880 346 1949 „capitula“
361 1883 388 1934 et
401 1882 498 1935 titulus
513 1870 686 1935 authenticus
701 1897 814 1949 pessum
829 1881 912 1945 irent;
930 1894 1047 1947 quorum
1062 1879 1122 1932 loco

189 1966 333 2018 recentiori
350 1967 439 2018 aetate
454 1967 547 2018 nescio
563 1966 624 2033 quis
641 1967 677 2018 de
693 1981 744 2018 suo
761 1964 913 2031 inscripsit:
929 1962 1122 2016 Tractatus

188 2048 236 2101 vel
251 2047 403 2102 homiliae
417 2050 618 2102 diversorum
633 2051 770 2116 patrum,
786 2048 824 2100 ab
839 2048 935 2100 initio
950 2049 980 2099 et
994 2048 1024 2099 in
1039 2046 1123 2099 calce

189 2132 345 2186 mutilae.
361 2132 462 2186 Codex
472 2133 541 2200 ipse,
553 2149 587 2185 ex
599 2148 654 2199 quo
667 2134 690 2185 is
703 2134 799 2184 noster
810 2130 966 2198 descriptus
978 2132 1028 2197 est,
1040 2130 1123 2184 etiam

188 2231 300 2268 mancus
315 2232 345 2269 ac
359 2216 431 2270 male
445 2216 557 2270 habitus
571 2217 661 2269 fuisse
674 2217 794 2281 uidetur,
810 2217 910 2284 partim
924 2214 1122 2268 deficientibus

188 2299 275 2366 foliis,
292 2301 392 2367 partim
409 2301 520 2353 inuerso
536 2300 635 2353 ordine
651 2299 807 2367 dispositis.
830 2299 875 2352 Ab
892 2298 1040 2365 archetypo
1057 2312 1123 2365 quo-

188 2397 240 2449 que
259 2385 327 2450 puto
346 2383 527 2450 repetendum
546 2386 597 2451 est,
618 2384 694 2451 quod
713 2384 877 2450 saepissime
896 2383 1004 2435 litterae
1022 2398 1041 2435 u
1059 2383 1086 2435 et
1105 2382 1123 2434 b

186 2467 308 2519 uicissim
327 2470 525 2534 permutantur,
543 2468 674 2534 quodque
691 2484 748 2521 non
765 2467 856 2520 solum
874 2468 902 2519 in
918 2466 1034 2519 uocibus
1051 2481 1123 2518 com-

187 2551 287 2616 positis
306 2550 358 2603 sed
377 2553 404 2604 et
424 2551 493 2604 alias
513 2552 700 2604 consonantes
721 2553 831 2619 praeter
850 2566 930 2603 usum
949 2564 1121 2603 communem

187 2633 391 2687 adsimilantur:
416 2636 447 2687 ut
464 2636 539 2702 puta,
559 2634 844 2702 quemammodum,
863 2636 895 2687 at
912 2635 955 2700 te,
974 2650 1008 2687 as
1026 2650 1070 2699 se,
1090 2649 1122 2686 ar

186 2716 392 2770 redimendos
414 2734 484 2784 noe,
504 2718 676 2771 descendit
697 2736 734 2771 an
757 2734 827 2783 nos;
853 2719 919 2785 quin
940 2720 968 2770 et
987 2717 1123 2784 reperitur

187 2814 286 2852 annus
302 2815 353 2867 pro
368 2816 481 2867 agnus,
498 2803 568 2853 etin
584 2801 671 2854 uerbo
687 2801 843 2855 adiuuare
859 2801 950 2853 littera
966 2800 984 2853 d
1000 2800 1034 2853 ab
1050 2816 1123 2853 ama-

186 2885 283 2935 nuensi
299 2885 458 2936 constanter
473 2886 578 2937 omissa
594 2887 644 2938 est.
669 2884 761 2938 Unam
777 2898 889 2939 manum
904 2901 953 2953 per
969 2887 1059 2939 totum
1074 2901 1122 2938 uo-

187 2966 287 3034 lumen,
305 2967 436 3033 quicquid
451 2970 549 3021 contra
565 2968 666 3021 dixerit
685 2969 870 3035 Heinemann,
888 2969 954 3021 mihi
973 2984 1122 3036 agnoscere

186 3049 291 3117 uideor,
311 3066 425 3117 eamque
443 3050 507 3104 licet
524 3052 599 3105 haud
618 3053 863 3119 elegantissimam,
883 3056 911 3106 at
929 3053 1040 3121 planam
1059 3068 1123 3121 pro-

187 3132 261 3186 iecto
278 3150 308 3187 ac
324 3134 453 3187 lucidam:
476 3136 592 3188 accessit
607 3151 672 3189 cura
687 3138 851 3189 correctoris
867 3138 972 3202 coaeui,
988 3138 1034 3204 qui
1050 3139 1121 3188 recte

187 3217 416 3285 interpungendis
426 3218 542 3271 uocibus
553 3221 729 3287 praecipuam
740 3236 854 3288 operam
865 3220 954 3285 dedit3
970 3220 1044 3288 quod
1054 3236 1121 3273 uero

186 3300 260 3354 idem
279 3300 380 3369 aliique
397 3303 496 3369 postea
513 3303 541 3354 in
558 3304 635 3355 textu
654 3303 789 3357 nonnulla
807 3304 954 3358 emendare
972 3305 1030 3357 ausi
1048 3305 1121 3369 sunt,

186 3383 216 3436 id
238 3385 349 3452 quidem
369 3402 430 3439 mea
452 3386 589 3439 sententia
611 3402 707 3454 parum
731 3387 807 3441 felici
829 3403 965 3441 successu.
994 3385 1122 3455 Denique

188 3516 204 3547 S.
211 3518 292 3555 Augustini
302 3520 378 3551 tractatus.
413 3515 421 3551 l
1114 3508 1122 3560 i
