2819 4040
494 335 513 373 S.
522 334 626 383 Augustini
638 336 729 375 tractatus
738 336 770 374 ΙΙΙ.

167 471 264 527 meque
282 460 409 529 gloriari:
427 459 605 526 suscipiendo
624 462 724 530 quippe
743 460 854 515 anobis
873 462 998 527 mortem,
1017 474 1100 528 quarn

167 544 273 599 inuenit
293 547 321 598 in
341 546 431 611 nobiS,
453 543 619 597 fidelissime
638 546 792 614 spopondit
812 543 894 597 nobis
915 546 942 597 irr
963 561 993 598 se
1013 545 1099 598 uitam

167 629 304 697 daturum,
325 646 407 697 quam
425 630 526 682 habere
546 645 602 682 uon
622 647 769 697 possumus
790 647 824 683 ex
844 629 933 684 nobis.
960 630 1032 684 Nam
1052 631 1099 699 qui
1154 696 1159 707 ἱ

135 716 274 767 intantum
288 730 340 766 nos
354 714 459 779 dilexit,
473 715 504 766 ut
517 713 593 780 quod
607 719 717 781 peccato
731 717 881 769 meruimus
890 708 901 783 ΙΙ
912 716 971 768 sine
985 717 1175 781 peccarentur

168 813 219 863 pro
235 797 425 864 peccatoribus
440 799 587 864 pateretur,
603 800 743 865 quomodo
759 799 841 851 nobis
858 813 914 849 non
929 797 1008 850 dabit
1023 798 1098 866 quod

167 881 279 945 iustitia,
299 881 345 949 qui
363 880 516 933 iustificat?
535 883 676 947 quomodo
694 899 749 935 non
766 881 874 945 reddet,
891 882 936 948 qui
953 881 1099 947 pollicetur
1106 891 1251 922 oeaoaeoonn

167 965 194 1015 in
213 965 337 1029 ueritate,
356 967 478 1030 praemia
495 967 660 1032 sanctorum,
679 968 724 1034 qui
743 967 802 1018 sine
819 965 963 1030 iniquitate
980 981 1098 1031 poenam
1112 941 1245 1026 ἶῖζῗῖιῖᾱῖἶζῗῗιῗι

166 1048 280 1114 pertulit
298 1048 475 1114 iniquorum?
499 1047 693 1104 Confiteamur
709 1052 811 1116 itaque,
830 1048 940 1113 iratres,
958 1049 1098 1116 intrepidi,
1138 1038 1216 1069 ΜΝ·

135 1133 210 1183 rauel
227 1132 310 1183 etiam
325 1132 517 1198 profiteamur,
533 1132 673 1187 Christum
688 1151 739 1202 pro
754 1133 836 1186 nobis
850 1147 911 1184 esse
925 1131 1097 1184 crucifixum:

168 1230 224 1267 non
240 1218 382 1281 pauentes,
397 1216 446 1268 sed
459 1217 625 1282 gaudentes:
640 1235 695 1272 non
709 1216 937 1281 uerecundantes,
953 1216 1002 1268 sed
1015 1216 1099 1283 glori·

167 1302 244 1351 antes
261 1300 394 1354 dicamus.
416 1300 493 1353 Vidit
507 1300 578 1355 hunc
594 1303 739 1369 apostolus
756 1300 868 1366 Paulus
883 1301 911 1352 et
938 1299 1099 1352 commenda-

166 1384 207 1435 uit
226 1384 337 1437 titulum
357 1385 472 1451 gloriae.
500 1385 555 1450 Qui
577 1404 637 1440 curn
663 1386 766 1439 haberet
789 1386 877 1439 multa
897 1401 998 1453 magna
1018 1388 1099 1453 atque

168 1468 271 1535 diuina,
292 1484 361 1535 quae
379 1470 414 1522 de
434 1470 548 1524 Christo
567 1474 802 1537 commemoraret,
822 1486 878 1523 nou
898 1470 969 1522 dixit
987 1469 1100 1536 gloriari

135 1565 197 1604 sose
211 1553 239 1604 in
252 1553 425 1607 mirabilibus
439 1554 553 1622 Christi,
567 1557 638 1622 quia,
652 1572 713 1609 cum
727 1557 801 1607 esset
815 1553 889 1620 apud
903 1556 1009 1620 patrem
1022 1553 1100 1619 deuS,

167 1635 300 1688 mundum
319 1639 430 1703 creauit,
447 1653 508 1690 cum
526 1642 599 1692 esset
617 1641 700 1692 etiam
719 1638 795 1705 quod
815 1653 866 1690 nos
884 1636 977 1702 homo,
996 1636 1100 1689 mundo

167 1719 324 1786 imperauit,
347 1721 397 1773 sed
414 1721 494 1774 Mihi
513 1725 626 1788 autem,
646 1722 751 1789 inquid,
771 1722 856 1774 absit
872 1721 1020 1787 gloriari,
1038 1721 1100 1773 nisi

167 1804 197 1854 in
210 1819 299 1857 cruce
312 1805 433 1858 domini
445 1808 548 1859 nostri
563 1806 634 1859 lesu
647 1806 779 1859 Christi.
796 1804 917 1858 Videbat
928 1820 979 1871 pro
992 1804 1100 1871 quibuS,

168 1890 237 1953 quis,
257 1888 304 1941 ubi
323 1889 504 1956 pependerat:
523 1893 550 1942 et
569 1890 604 1942 de
623 1891 701 1942 tanta
720 1888 875 1940 humilitate
894 1888 939 1940 dei
959 1889 986 1940 et
1005 1886 1101 1940 diuina

135 1985 159 2021 55
167 1973 330 2026 celsitudine
350 1976 495 2042 apostolus
513 1976 715 2044 praesumebat.

226 2058 251 2110 3.
275 2058 323 2110 lsti
338 2061 438 2125 autem,
453 2061 498 2125 qui
514 2060 595 2112 nobis
611 2060 754 2125 insultant,
770 2058 845 2126 quod
860 2058 1003 2111 dominum
1018 2058 1101 2110 cruci·

168 2140 256 2193 fixum
274 2142 406 2209 colamus,
426 2145 529 2209 quanto
548 2143 601 2195 sibi
621 2159 718 2210 sapere
737 2143 876 2208 uidentur,
894 2144 973 2195 tanto
993 2143 1101 2195 insana-

167 2225 250 2276 bilius
269 2228 295 2277 et
312 2226 486 2291 desperatius
504 2227 653 2293 desipiunt,
672 2243 721 2279 nec
739 2227 854 2279 omuino
872 2226 940 2291 quid
956 2225 1101 2277 credamus

167 2309 211 2360 uel
226 2309 349 2362 dicamus
364 2311 540 2376 intellegunt;
555 2313 730 2377 nequeenim
746 2311 862 2363 dicimus
877 2310 929 2363 hoc
944 2311 971 2361 in
986 2308 1101 2362 Christo

135 2406 227 2444 obesse
240 2395 387 2459 mortuum,
400 2394 475 2460 quod
487 2394 556 2446 deus
569 2397 635 2459 erat,
649 2394 699 2446 sed
712 2395 786 2460 quod
799 2395 882 2446 homo
895 2396 962 2446 erat.
982 2392 1054 2445 Nam
1068 2394 1100 2457 si,

167 2476 250 2528 homo
269 2478 328 2543 ipse
346 2478 462 2543 quilibet
479 2492 539 2529 cum
557 2479 681 2544 moritur,
700 2478 770 2529 illud
788 2477 864 2544 quod
882 2479 999 2529 maxime
1017 2476 1101 2530 homo

167 2562 216 2625 est,
230 2560 259 2612 id
271 2563 321 2626 est,
335 2576 389 2627 quo
402 2562 488 2613 distat
501 2578 516 2613 a
530 2577 637 2628 pecore,
651 2562 725 2629 quod
738 2561 821 2614 habet
834 2561 1012 2626 intellectum,
1025 2560 1101 2628 quod

166 2643 315 2696 humanum
328 2646 355 2696 et
365 2644 499 2710 diuinum,
512 2646 665 2711 temporale
677 2647 704 2696 et
716 2647 865 2709 aeternum,
879 2644 982 2697 falsum
994 2659 1100 2697 uerum·
1117 2658 1194 2688 uernum
1207 2666 1240 2712 esse

166 2741 218 2791 que
234 2726 373 2792 disceruit,
389 2728 418 2779 id
432 2730 474 2779 est
489 2729 580 2780 anima
594 2727 746 2792 rationalis
760 2744 820 2779 curn
835 2743 886 2779 suo
900 2742 1016 2794 corpore
1030 2742 1100 2779 mor·
1109 2707 1157 2784 1³⁸3?
1159 2707 1250 2785 ibuffim'

135 2812 222 2864 ostem
241 2826 296 2863 non
315 2811 426 2878 patitur,
445 2812 496 2864 sed
514 2812 563 2864 illo
583 2814 716 2864 moriente
734 2812 799 2864 uiua
817 2811 945 2877 discedit,
965 2813 1101 2863 ettamen

167 2894 275 2960 dicitur,
291 2894 421 2947 Mortuus
437 2897 479 2947 est
494 2894 589 2960 hom0;
605 2911 653 2947 cur
668 2912 723 2947 non
740 2895 779 2946 sic
794 2895 903 2947 dicatur
917 2895 1008 2960 etiam,
1025 2890 1101 2947 Mor-

166 2979 230 3029 tuus
246 2980 287 3029 est
301 2978 378 3043 deuS,
393 2980 493 3030 utnon
509 2979 686 3045 intellegatur
700 2980 769 3031 mori
784 2979 910 3046 potuisse
925 2978 954 3031 id
970 2978 1045 3045 quod
1059 2980 1101 3031 est

167 3061 245 3127 deuS,
268 3061 317 3113 sed
338 3062 414 3128 quod
435 3064 552 3115 mortale
574 3079 624 3129 pro
646 3061 810 3115 mortalibus
832 3064 992 3129 susceperat
1013 3061 1100 3114 deus?

166 3144 239 3196 Nam
259 3147 336 3211 sicut,
355 3144 439 3197 homo
457 3161 517 3198 cum
536 3148 660 3212 moritur,
678 3162 734 3198 non
751 3147 868 3198 moritur
886 3147 977 3198 anima
996 3146 1054 3198 eius
1071 3146 1099 3196 in

135 3244 255 3295 rocarne,
270 3231 309 3281 sic
322 3231 349 3281 et
362 3227 491 3281 Christus
504 3245 565 3281 cum
580 3233 704 3282 mortuus
718 3231 768 3295 est,
783 3246 839 3282 non
853 3232 896 3282 est
909 3232 1017 3283 mortua
1030 3230 1100 3282 diui·

166 3313 240 3364 nitas
261 3314 320 3364 eius
340 3314 367 3364 in
388 3313 507 3365 homine.
533 3312 588 3365 Sed
610 3313 687 3379 deus,
709 3314 845 3380 inquiunt,
866 3313 971 3366 homini
993 3314 1099 3365 misceri

166 3412 223 3449 non
236 3398 336 3464 potuit,
350 3399 450 3450 etcum
463 3396 512 3449 illo
527 3397 591 3450 lieri
606 3396 734 3451 Christus
747 3411 828 3451 unus.
849 3396 1004 3451 Secundum
1018 3397 1100 3450 istam

1068 3516 1100 3569 15
