2819 4040
454 333 503 371 Vlll.
517 334 547 371 De
560 334 658 373 dominica
671 336 748 374 sanctae
762 335 848 374 Paschae

184 472 291 511 snmus
307 461 423 525 noctis,
440 473 539 524 neque
555 459 765 514 tenebrarum.
789 460 844 513 lsta
861 476 928 527 ergo
944 461 1039 513 nostra
1054 473 1117 510 can-

184 543 261 609 tati0,
278 545 352 595 uitae
367 543 457 595 bonae
474 543 516 594 est
531 547 763 598 commemoratio.
785 544 909 612 Quando
925 544 1042 596 dicimus
1058 557 1117 595 om-

152 633 175 670 35
185 641 233 677 nes
246 641 314 678 uoce
327 642 458 691 consona,
474 626 547 677 laeto
562 627 667 693 spiritu,
682 629 764 681 corde
777 628 917 695 concordi,
933 628 986 681 Hic
1000 629 1042 680 est
1056 625 1116 678 dies

185 725 264 775 quem
290 711 356 762 fecit
380 710 520 776 dominus,
545 726 728 777 congruamus
754 729 824 766 sono
850 715 954 779 nostro,
981 728 1014 764 ne
1039 711 1116 764 testi-

184 795 306 846 monium
330 796 426 845 contra
449 809 500 845 nos
525 793 599 846 dicat
623 795 717 862 lingua
741 799 843 849 nostra.
876 796 1063 849 inebriaturus
1087 796 1115 846 te

184 876 267 929 hodie
282 877 359 943 dicis,
375 877 428 929 Hic
442 880 484 929 est
497 877 557 929 dies
572 893 651 944 quem
666 879 732 932 lecit
745 880 885 933 dominus:
904 896 959 932 non
972 880 1062 945 1111163,
1080 894 1114 931 ne

184 961 234 1012 tibi
259 961 436 1027 respondeat,
460 960 546 1013 lstum
570 962 643 1014 diem
668 980 722 1017 non
747 963 814 1016 iecit
838 963 979 1028 dominus;
1005 965 1033 1015 et
1055 963 1115 1030 ipse

151 1044 284 1097 indicitur
295 1045 385 1096 bonus
398 1044 467 1110 dieS,
480 1059 561 1111 quem
574 1046 626 1098 sibi
639 1047 723 1099 faciat
736 1048 843 1100 luxuria
856 1049 883 1099 et
895 1048 1016 1113 nequitia
1028 1048 1116 1113 pessi-

184 1144 258 1180 mum
278 1127 359 1182 diem.

243 1214 267 1266 2.
292 1212 360 1265 Eece
381 1214 494 1280 laetitia,
517 1214 617 1267 fratres
639 1217 700 1283 mei,
723 1215 828 1268 laetitia
850 1215 877 1266 in
898 1215 1114 1280 congregatione

183 1298 283 1362 uestra,
302 1297 408 1349 laetitia
425 1298 452 1349 in
470 1298 585 1365 psalmis
603 1301 630 1352 et
647 1301 711 1365 hym
719 1296 731 1369 ΙΙ
744 1300 794 1364 nis,
813 1298 919 1351 laetitia
936 1299 964 1348 in
982 1298 1192 1353 memoriarum

184 1383 324 1447 passionis
346 1383 372 1433 et
392 1384 599 1435 resurrectionis
622 1383 735 1450 Christi,
758 1384 863 1435 laetitia
885 1383 913 1433 in
935 1396 984 1447 spe
1005 1380 1114 1433 futurae

152 1477 175 1513 45
184 1466 265 1518 uitae.
293 1464 321 1517 Si
340 1467 446 1518 tantam
466 1466 599 1519 laetitiam
620 1468 687 1520 lacit
708 1467 784 1534 quod
805 1479 957 1535 speramus
974 1464 1045 1531 quid
1065 1466 1116 1516 erit

183 1564 244 1600 cum
263 1548 437 1603 tenebimus?
463 1549 531 1602 Ecce
551 1551 597 1603 isti
617 1551 685 1617 dies,
706 1550 819 1617 quando
840 1549 967 1601 audimus
985 1547 1115 1614 Alleluia,

184 1632 392 1698 quodammodo
414 1635 536 1686 mutatur
557 1635 678 1701 spiritus.
708 1634 810 1687 Nonne
833 1632 912 1699 quasi
935 1632 1028 1683 nescio
1051 1630 1117 1697 quid

184 1716 218 1768 de
234 1716 281 1768 illa
296 1732 414 1783 superna
428 1719 539 1770 ciuitate
553 1718 716 1785 gustamus?
734 1716 763 1769 Si
779 1718 824 1768 isti
839 1716 899 1768 dies
914 1717 1019 1768 tantam
1034 1713 1115 1767 nobis

184 1799 317 1852 laetitiam
333 1800 446 1866 faciunt,
463 1801 552 1868 qualis
569 1804 620 1853 erit
636 1801 691 1866 ille,
707 1801 755 1852 ubi
771 1800 880 1865 dicitur,
896 1798 1007 1852 Venite
1024 1797 1117 1850 bene·

152 1883 261 1936 sodicti
291 1885 392 1951 patris
420 1886 491 1951 mei,
520 1885 676 1952 percipite
705 1899 850 1950 regnum;
880 1883 992 1949 quando
1021 1898 1117 1935 omnes

184 1968 270 2020 sancti
288 1971 491 2035 congregantur
508 1970 535 2021 in
552 1983 648 2021 unum:
668 1967 780 2034 quando
798 1967 837 2019 ibi
854 1983 884 2019 se
900 1966 1005 2033 uident,
1024 1967 1070 2034 qui
1088 1982 1142 2019 sen
1152 1989 1242 2019 11111115
1252 1997 1268 2019 a

184 2069 239 2105 non
256 2056 400 2105 nouerant:
422 2053 460 2105 ibi
475 2070 505 2105 se
520 2055 682 2119 agnoscunt,
699 2054 745 2119 qui
760 2068 790 2104 se
805 2054 951 2105 nouerant:
973 2051 1010 2104 ibi
1026 2037 1268 2118 secum‘¹²¹¹“n’{fligss'nlfflse

184 2137 223 2188 sic
243 2139 330 2202 erunt,
350 2139 380 2188 ut
401 2151 549 2203 numquam
570 2138 665 2203 pereat
686 2139 797 2202 amicus,
819 2151 967 2202 numquam
988 2137 1117 2188 timeatur

185 2222 329 2274 inimicus?
355 2220 427 2273 Nam
446 2238 506 2273 ecce
525 2222 642 2273 dicimus
661 2219 795 2273 Alleluia:
821 2221 925 2273 honum
945 2223 995 2285 est,
1015 2220 1117 2272 laetum

152 2321 175 2358 55
185 2307 234 2369 631,
257 2304 352 2370 gaudii
374 2305 552 2357 iucunditatis
576 2306 722 2365 suauitatis
745 2304 856 2371 plenum
880 2306 929 2357 631.
959 2304 1073 2369 Tamen,
1094 2305 1117 2355 si

185 2404 292 2454 semper
311 2389 362 2440 hoc
380 2388 512 2454 dicamuS,
532 2388 705 2453 fastidimus;
728 2388 840 2455 quando
860 2389 951 2440 autem
971 2389 1268 2453 interuenitpenacumna

184 2474 258 2524 certo
282 2474 345 2524 anni
367 2474 500 2540 tempore,
523 2488 584 2525 cum
608 2488 660 2539 qua
684 2473 854 2525 iucunditate
877 2472 957 2538 redit,
979 2487 1040 2524 cum
1063 2446 1268 2538 quosslclnllltle'l‘lll

184 2556 325 2608 desiderio
347 2556 483 2609 abscedit!
511 2555 654 2623 Numquid
676 2557 713 2609 ibi
735 2557 774 2608 sic
796 2557 847 2607 erit
868 2555 1010 2622 gaudium,
1032 2557 1059 2606 61
1080 2555 1117 2607 ibi
1143 2542 1247 2572 masana

184 2641 235 2691 erit
251 2639 416 2693 fastidium?
437 2640 501 2693 Non
517 2642 576 2694 erit.
600 2641 683 2693 Forte
699 2641 765 2692 dicit
780 2640 892 2706 aliquis:
916 2639 951 2691 Ei
965 2639 1039 2692 unde
1055 2638 1117 2692 lieri

152 2742 177 2780 m
185 2726 285 2791 potest,
303 2726 334 2776 ut
350 2724 401 2776 hoc
419 2740 535 2792 semper,
555 2727 582 2776 et
599 2740 747 2790 numquam
766 2724 932 2776 fastidium?
955 2723 983 2775 Si
1001 2723 1052 2776 tibi
1070 2723 1118 2775 ali-

185 2806 251 2873 quid
271 2807 421 2859 ostendero
440 2809 467 2859 in
488 2809 541 2859 ista
561 2808 617 2860 uita
638 2807 713 2874 quod
733 2823 788 2859 non
809 2808 899 2873 possit
918 2807 1019 2859 habere
1040 2807 1118 2858 lasti·

184 2892 269 2957 dium,
282 2891 371 2943 credis
384 2892 448 2958 quia
461 2892 499 2943 ibi
512 2893 601 2944 totum
615 2892 653 2944 sic
666 2893 725 2943 erit.
746 2891 902 2943 Fastidium
915 2892 943 2943 in
956 2891 1026 2956 cibo,
1040 2889 1118 2943 iasti-

184 2976 260 3028 dium
279 2977 306 3027 in
324 2977 400 3042 potu,
419 2974 565 3028 fastidium
584 2976 611 3027 in
630 2975 795 3042 spectaculo,
814 2974 961 3027 fastidium
979 2977 1006 3026 in
1024 2975 1072 3026 illa
1091 2975 1118 3026 et

185 3060 233 3112 illa
247 3076 286 3111 re:
307 3074 454 3125 numquam
470 3061 560 3111 autem
576 3059 630 3111 fuit
644 3059 790 3111 fastidium
805 3060 941 3111 sanitatis.
962 3057 1037 3111 Sicut
1051 3073 1117 3124 ergo

153 3157 176 3195 65
185 3144 227 3195 hic
240 3145 267 3195 in
279 3145 332 3196 ista
345 3143 513 3195 mortalitate
525 3144 623 3209 carnis,
636 3144 663 3194 in
677 3143 904 3209 istatragilitate,
918 3144 945 3195 in
958 3144 1012 3195 isto
1024 3143 1117 3194 taedio
1141 3158 1254 3213 numerantis

185 3230 277 3280 oneris
299 3229 423 3294 corporis
444 3241 593 3293 numquam
615 3228 706 3293 potuit
728 3242 789 3279 esse
812 3227 958 3279 fastidium
981 3227 1116 3292 sanitatis,
1124 3207 1166 3237 [²⁸¹⁰
1184 3207 1268 3237 ‘mmmm'

185 3313 224 3363 sic
251 3312 289 3363 ibi
315 3326 463 3378 numquam
491 3312 542 3363 erit
569 3310 715 3363 fastidium
742 3312 873 3377 caritatis,
901 3310 1117 3377 inmortalitatis,

185 3397 364 3452 aeternitatis.

1083 3513 1119 3571 29
