2819 4040
491 308 520 346 De
533 308 631 347 dominica
643 308 732 348 oratione

143 431 219 483 tione
236 446 365 499 rogamus
381 434 411 486 ut
427 432 557 487 adueniat
573 450 696 503 regnum,
714 433 780 502 quid
797 434 880 487 faciet
896 433 1016 486 humana
1026 433 1072 485 ‘in-

144 513 271 582 firmitas,
285 515 332 569 ubi
346 533 375 570 se
390 518 417 570 in
431 517 515 570 corde
528 518 648 573 humano
662 519 811 573 occultabit
824 517 942 585 falsitas,
959 515 1071 585 quando

143 597 239 650 diuina
252 613 313 651 eum
325 602 476 667 respexerit
488 601 610 656 ueritas?
700 599 702 602 ’

111 709 135 747 55
202 694 227 748 4.
240 693 308 749 Ecce
318 698 436 763 petimus
446 700 476 751 ut
487 698 617 753 adueniat
626 715 741 766 regnum
751 701 822 765 eius;
832 701 859 752 et
869 699 944 752 illius
955 712 1070 765 regnum

143 778 262 843 petimus
278 780 308 831 ut
322 780 423 846 ueniat,
440 780 474 832 de
492 797 546 847 quo
561 782 664 836 dictum
680 784 730 849 est,
748 781 888 849 Regnum
904 783 984 848 eius,
1000 796 1070 847 reg·

144 875 214 913 num
230 863 464 929 sempiternum.
479 863 508 917 Si
521 867 776 933 ¹sempiternum'est
791 881 905 932 regnum
920 867 987 932 eius,
1003 881 1069 932 quo-

143 944 229 998 modo
247 947 364 1012 petimus
381 948 411 999 ut
429 947 558 1001 adueniat
575 966 697 1016 regnum,
715 949 791 1016 quod
808 965 914 1016 semper
932 951 1023 1001 manet
1040 950 1068 1000 in

143 1029 302 1082 aeternum?
316 1028 479 1096 intellegere
491 1031 582 1098 itaque
594 1032 727 1085 debemus
741 1031 807 1098 quid
820 1034 952 1098 petamus,
966 1048 999 1085 ne
1012 1048 1068 1084 non

110 1130 135 1169 00
143 1110 331 1178 intellegendo
349 1113 424 1179 quod
441 1114 567 1181 petimus,
586 1131 640 1168 non
658 1116 741 1167 deum
759 1113 809 1167 sed
826 1130 877 1167 nos
895 1116 970 1181 ipsos
988 1114 1068 1167 falla·

142 1210 214 1248 mus:
238 1195 312 1248 fallit
333 1197 405 1249 enim
428 1213 466 1263 se,
489 1199 535 1264 qui
558 1214 614 1251 non
637 1200 707 1252 sicut
728 1198 806 1250 decet
827 1199 969 1264 cognoscit
990 1198 1068 1251 illum

142 1279 188 1346 qui
206 1278 273 1332 iecit
289 1295 326 1333 se.
345 1279 408 1333 Hoc
425 1296 492 1348 ergo
509 1283 636 1349 petimus,
652 1285 691 1348 ut,
709 1281 840 1348 quoniam
857 1280 937 1333 nobis
954 1297 1067 1348 regnum
1089 1299 1158 1336 regnum
1169 1297 1212 1352 nod

141 1364 279 1429 promittit
289 1366 437 1431 aeternum,
448 1364 579 1418 uelociter
589 1365 689 1419 reddat
700 1365 776 1433 quod
787 1366 946 1432 promittere
957 1367 998 1418 est
1009 1367 1067 1432 ipse
1075 1346 1221 1425 uffitgpssssffgjss's

141 1447 281 1514 dignatus.
303 1446 380 1511 Quid
399 1448 544 1515 promisit?
564 1448 739 1514 Sedebitis‚
760 1448 857 1515 inquit,
878 1463 973 1515 super
991 1449 1068 1502 duo·
1115 1442 1186 1479 pem*

109 1529 1068 1598 osdecimsedeS,iudicantesduodecimtribusisrahel.Pro-

140 1615 215 1667 misit
227 1613 279 1668 boc
288 1617 403 1682 tantum,
417 1631 451 1669 an
463 1619 491 1669 et
501 1616 629 1684 scripsit?
643 1615 833 1669 Promissione
846 1629 895 1668 sua
908 1630 937 1667 se
950 1615 1067 1683 quidem,

141 1700 204 1767 quia
217 1699 348 1767 dignatus
360 1702 410 1766 est,
421 1700 577 1754 debitorem
590 1700 667 1766 tecit3
680 1699 730 1753 sed
743 1703 776 1752 n'e
788 1700 813 1751 ei
827 1714 922 1766 parum
934 1698 1066 1766 crederes,

140 1783 295 1835 cautionem
308 1784 429 1850 scripsit:
442 1798 523 1850 quam
535 1783 690 1836 cautionem
703 1798 752 1851 per
763 1783 873 1835 unicum
886 1781 977 1835 filium
989 1795 1069 1836 suum

140 1866 176 1918 ad
189 1868 216 1919 te
229 1866 336 1933 direxit,
349 1869 380 1920 ut
392 1868 489 1920 credas
501 1869 528 1920 te
541 1868 719 1934 regnaturum
732 1882 793 1919 esse
806 1881 867 1918 cum
880 1864 942 1932 de0‚
957 1866 1001 1933 qui
1014 1866 1067 1919 iam

108 1951 269 2017 roaccepisti
282 1952 313 2003 ut
326 1953 422 2004 unicus
433 1946 444 2020 ΙΙ
454 1951 531 2004 filius
546 1951 591 2004 dei
604 1954 693 2005 tecum
707 1953 781 2003 esset
794 1949 886 2003 homo.
902 1948 1066 2002 Cautionem
1075 1962 1108 2000 ror.
1120 1965 1145 2002 ao

139 2036 225 2101 tenes
240 2035 340 2103 pignus
354 2050 439 2102 penes
452 2037 479 2087 te
493 2034 590 2087 habes:
605 2049 688 2101 quare
702 2033 823 2100 dubitas,
837 2034 892 2086 nisi
905 2034 968 2100 quia
981 2033 1068 2086 tidem

140 2133 196 2170 non
220 2117 326 2172 habes?
347 2116 429 2183 Quae
453 2120 495 2171 est
518 2119 630 2171 cautio?
655 2117 816 2185 Euangelia.
841 2115 927 2184 Quod
950 2116 1068 2184 pignus?

139 2200 219 2254 Mors
236 2200 350 2268 Christi,
366 2203 479 2269 sanguis
495 2200 608 2255 Christi.
626 2200 762 2254 Parumne
776 2200 827 2253 tibi
842 2200 960 2266 uidetur,
974 2203 1004 2253 ut
1017 2200 1069 2253 hoc
1155 2205 1158 2210 '

139 2284 190 2337 tibi
206 2285 365 2352 dimitteret,
382 2285 457 2353 quod
473 2288 500 2338 te
516 2285 552 2338 ad
568 2286 659 2352 ipsum
675 2286 771 2353 posset
786 2286 846 2337 sine
863 2284 955 2351 aliquo
971 2285 1068 2337 timore

108 2389 131 2428 75
139 2369 308 2436 perducere?

199 2459 223 2513 5.
248 2458 399 2512 Credendo
421 2459 466 2513 fac
488 2459 659 2513 uoluntatem
682 2460 779 2526 ipsius5
802 2460 832 2511 ut
854 2460 881 2511 et
903 2461 962 2526 ipse
985 2457 1068 2510 iaciat

138 2542 311 2596 uoluntatem
325 2545 412 2596 tuam:
427 2559 458 2596 ac
472 2544 519 2610 sic,
534 2543 600 2596 dum
615 2543 713 2610 imples
727 2543 899 2595 uoluntatem
913 2541 966 2608 dei,
981 2544 1008 2595 et
1022 2541 1068 2594 iiie

139 2625 236 2694 implet
253 2626 426 2680 uoluntatem
443 2629 518 2680 tuam
536 2626 647 2694 bonam,
667 2626 702 2678 tit
719 2626 850 2679 uoluntas
869 2627 927 2678 eius
947 2626 973 2677 in
991 2625 1067 2678 caelo

138 2711 165 2762 et
182 2711 306 2763 interra.
326 2709 356 2762 ln
373 2709 459 2776 caelo,
476 2709 524 2763 ubi
540 2710 647 2763 habitat
664 2710 734 2777 ipse;
753 2711 780 2761 in
797 2712 878 2775 terra,
895 2708 942 2762 ubi
959 2708 1066 2761 habitas
1093 2724 1134 2753 oum
1145 2724 1201 2761 mnes

106 2809 131 2847 so
138 2795 166 2846 et
181 2795 219 2860 tu,
236 2795 263 2846 et
279 2795 347 2861 ipse.
373 2793 513 2846 Faciendo
529 2793 700 2846 uoluntatem
718 2793 813 2859 ipsius,
832 2794 877 2860 qui
896 2792 1011 2858 fecitte,
1029 2772 1218 2858 sicu‘ssi‘ffiffi‘sspssff'

137 2878 164 2930 te
183 2876 297 2944 habitat,
315 2879 345 2930 ut
363 2879 390 2930 te
408 2876 541 2945 perducat
559 2877 594 2929 ad
613 2893 650 2930 se.
669 2876 786 2930 Caelum
805 2879 856 2942 est,
875 2869 1219 2946 quouocaris:*¹⁰¹”¹1¹‚¹,}1{{⁰„¹L¹¹¹³m

137 2962 210 3013 terra
224 2964 274 3027 est,
289 2962 316 3013 in
332 2976 385 3028 qua
399 2962 592 3028 peregrinaris.
609 2961 644 3013 Ei
657 2960 724 3013 haec
737 2964 811 3013 terra
825 2961 899 3013 lutea
913 2962 954 3014 est
968 2960 1066 3013 domus

137 3046 192 3112 tua,
212 3045 239 3097 in
259 3060 312 3111 qua
331 3045 367 3097 ad
385 3048 494 3113 tempus
512 3061 622 3098 manere
641 3047 819 3113 cognoscitur
837 3046 927 3098 anima
944 3047 999 3098 tua.
1026 3043 1067 3097 lta

138 3145 153 3180 a
168 3130 196 3181 te
209 3128 377 3196 gubernetur
390 3128 456 3181 haec
470 3129 570 3182 domus
583 3131 638 3195 tua,
652 3132 683 3181 ut
697 3130 719 3181 si
732 3129 801 3196 quid
815 3129 843 3181 in
856 3145 888 3182 ea
901 3129 1066 3195 cognoueris

105 3230 129 3268 s5
137 3212 326 3280 reficiendum,
341 3213 432 3281 ipsum
446 3213 582 3266 artificem
597 3215 642 3281 qui
655 3214 810 3267 construxit
823 3229 913 3281 roges,
927 3215 954 3267 et
967 3212 1066 3280 quibus

89 3335 94 3342 e
137 3297 188 3349 scit
205 3297 322 3350 destinis
339 3297 460 3349 sufferat
477 3300 664 3350 transeuntem
682 3299 823 3351 ruinosam
839 3298 960 3363 domum,
978 3296 1067 3350 donec

137 3383 317 3436 restauratam
334 3380 419 3434 iaciat
434 3383 637 3448 sempiternam.
702 3408 713 3426 κ

1018 3493 1068 3546 183
