<?xml version="1.0" encoding="UTF-8"?>
<!DOCTYPE html PUBLIC "-//W3C//DTD XHTML 1.0 Transitional//EN"
    "http://www.w3.org/TR/xhtml1/DTD/xhtml1-transitional.dtd">
<html xmlns="http://www.w3.org/1999/xhtml" xml:lang="en" lang="en">
 <head>
  <title>
</title>
<meta http-equiv="Content-Type" content="text/html;charset=utf-8" />
  <meta name='ocr-system' content='tesseract 3.04.00' />
  <meta name='ocr-capabilities' content='ocr_page ocr_carea ocr_par ocr_line ocrx_word'/>
</head>
<body>
  <div class='ocr_page' id='page_1' title='image "MN41725ucmf_2_0062.png"; bbox 0 0 2819 4040; ppageno 0'>
   <div class='ocr_carea' id='block_1_1' title="bbox 662 337 924 387">
    <p class='ocr_par' dir='ltr' id='par_1_1' title="bbox 662 337 924 387">
     <span class='ocr_line' id='line_1_1' title="bbox 662 337 924 387; baseline 0 -9"><span class='ocrx_word' id='word_1_1' title='bbox 662 337 680 378; x_wconf 91' lang='lat' dir='ltr'>S.</span> <span class='ocrx_word' id='word_1_2' title='bbox 689 338 793 387; x_wconf 76' lang='lat' dir='ltr'><strong>Augustini</strong></span> <span class='ocrx_word' id='word_1_3' title='bbox 806 340 897 378; x_wconf 78' lang='lat' dir='ltr'>tractatus</span> <span class='ocrx_word' id='word_1_4' title='bbox 910 339 924 378; x_wconf 93' lang='lat' dir='ltr'>l.</span> 
     </span>
    </p>
   </div>
   <div class='ocr_carea' id='block_1_2' title="bbox 280 458 1295 869">
    <p class='ocr_par' dir='ltr' id='par_1_2' title="bbox 280 458 1295 869">
     <span class='ocr_line' id='line_1_2' title="bbox 328 458 1264 531; baseline 0.003 -15"><span class='ocrx_word' id='word_1_5' title='bbox 328 465 429 516; x_wconf 83' lang='lat' dir='ltr'>autem</span> <span class='ocrx_word' id='word_1_6' title='bbox 441 462 575 516; x_wconf 85' lang='lat' dir='ltr'>audient</span> <span class='ocrx_word' id='word_1_7' title='bbox 585 464 654 517; x_wconf 88' lang='lat' dir='ltr'>sine</span> <span class='ocrx_word' id='word_1_8' title='bbox 665 462 890 530; x_wconf 84' lang='lat' dir='ltr'><strong>praedicante?</strong></span> <span class='ocrx_word' id='word_1_9' title='bbox 908 466 959 518; x_wconf 87' lang='lat' dir='ltr'>aut</span> <span class='ocrx_word' id='word_1_10' title='bbox 972 458 1126 531; x_wconf 88' lang='lat' dir='ltr'>quomodo</span> <span class='ocrx_word' id='word_1_11' title='bbox 1137 463 1264 530; x_wconf 87' lang='lat' dir='ltr'>praedi-</span> 
     </span>
     <span class='ocr_line' id='line_1_3' title="bbox 328 545 1263 615; baseline -0.001 -15"><span class='ocrx_word' id='word_1_12' title='bbox 328 547 454 612; x_wconf 88' lang='lat' dir='ltr'>cabunt,</span> <span class='ocrx_word' id='word_1_13' title='bbox 472 547 498 599; x_wconf 88' lang='lat' dir='ltr'>si</span> <span class='ocrx_word' id='word_1_14' title='bbox 515 563 578 599; x_wconf 91' lang='lat' dir='ltr'>non</span> <span class='ocrx_word' id='word_1_15' title='bbox 595 547 783 600; x_wconf 72' lang='lat' dir='ltr'>mittantur?</span> <span class='ocrx_word' id='word_1_16' title='bbox 806 546 894 601; x_wconf 87' lang='lat' dir='ltr'>Sicut</span> <span class='ocrx_word' id='word_1_17' title='bbox 910 549 1062 615; x_wconf 85' lang='lat' dir='ltr'>scriptum</span> <span class='ocrx_word' id='word_1_18' title='bbox 1079 549 1138 600; x_wconf 89' lang='lat' dir='ltr'>est:</span> <span class='ocrx_word' id='word_1_19' title='bbox 1161 545 1263 612; x_wconf 77' lang='lat' dir='ltr'>Quam</span> 
     </span>
     <span class='ocr_line' id='line_1_4' title="bbox 328 630 1263 701; baseline 0.003 -19"><span class='ocrx_word' id='word_1_20' title='bbox 328 631 468 697; x_wconf 80' lang='lat' dir='ltr'>speciosi</span> <span class='ocrx_word' id='word_1_21' title='bbox 484 630 582 698; x_wconf 86' lang='lat' dir='ltr'>pedes</span> <span class='ocrx_word' id='word_1_22' title='bbox 597 631 891 697; x_wconf 84' lang='lat' dir='ltr'>euangelizantium</span> <span class='ocrx_word' id='word_1_23' title='bbox 905 647 1024 701; x_wconf 82' lang='lat' dir='ltr'>pacem,</span> <span class='ocrx_word' id='word_1_24' title='bbox 1038 631 1263 699; x_wconf 84' lang='lat' dir='ltr'>euangelizan·</span> 
     </span>
     <span class='ocr_line' id='line_1_5' title="bbox 327 713 1295 781; baseline -0.001 -16"><span class='ocrx_word' id='word_1_25' title='bbox 327 715 404 766; x_wconf 82' lang='lat' dir='ltr'>tium</span> <span class='ocrx_word' id='word_1_26' title='bbox 422 713 517 767; x_wconf 85' lang='lat' dir='ltr'>bona!</span> <span class='ocrx_word' id='word_1_27' title='bbox 542 713 633 768; x_wconf 90' lang='lat' dir='ltr'>Nemo</span> <span class='ocrx_word' id='word_1_28' title='bbox 650 730 718 781; x_wconf 82' lang='lat' dir='ltr'>ergo</span> <span class='ocrx_word' id='word_1_29' title='bbox 735 716 830 781; x_wconf 84' lang='lat' dir='ltr'>potest</span> <span class='ocrx_word' id='word_1_30' title='bbox 847 716 942 769; x_wconf 88' lang='lat' dir='ltr'>saluus</span> <span class='ocrx_word' id='word_1_31' title='bbox 960 730 1029 780; x_wconf 89' lang='lat' dir='ltr'>esse,</span> <span class='ocrx_word' id='word_1_32' title='bbox 1048 715 1093 781; x_wconf 89' lang='lat' dir='ltr'>qui</span> <span class='ocrx_word' id='word_1_33' title='bbox 1112 729 1167 766; x_wconf 91' lang='lat' dir='ltr'>non</span> <span class='ocrx_word' id='word_1_34' title='bbox 1185 715 1295 766; x_wconf 74' lang='lat' dir='ltr'>inuo-ro</span> 
     </span>
     <span class='ocr_line' id='line_1_6' title="bbox 280 795 1264 869; baseline 0.003 -23"><span class='ocrx_word' id='word_1_35' title='bbox 280 800 440 851; x_wconf 69' lang='lat' dir='ltr'>averuerit:</span> <span class='ocrx_word' id='word_1_36' title='bbox 461 814 543 852; x_wconf 89' lang='lat' dir='ltr'>nemo</span> <span class='ocrx_word' id='word_1_37' title='bbox 561 802 655 867; x_wconf 82' lang='lat' dir='ltr'>potest</span> <span class='ocrx_word' id='word_1_38' title='bbox 673 801 811 864; x_wconf 86' lang='lat' dir='ltr'>inuocare,</span> <span class='ocrx_word' id='word_1_39' title='bbox 831 801 885 852; x_wconf 88' lang='lat' dir='ltr'>nisi</span> <span class='ocrx_word' id='word_1_40' title='bbox 904 795 1169 869; x_wconf 74' lang='lat' dir='ltr'>primolcrediderit.</span> <span class='ocrx_word' id='word_1_41' title='bbox 1189 796 1264 860; x_wconf 85' lang='lat' dir='ltr'><strong>Quia</strong></span> 
     </span>
    </p>
   </div>
   <div class='ocr_carea' id='block_1_3' title="bbox 175 881 1264 951">
    <p class='ocr_par' dir='ltr' id='par_1_3' title="bbox 175 881 1264 951">
     <span class='ocr_line' id='line_1_7' title="bbox 175 881 1264 951; baseline -0.001 -17"><span class='ocrx_word' id='word_1_42' title='bbox 175 884 229 914; x_wconf 55' lang='grc' dir='ltr'>(ΜΟ</span> <span class='ocrx_word' id='word_1_43' title='bbox 242 881 319 912; x_wconf 53' lang='lat' dir='ltr'>milti</span> <span class='ocrx_word' id='word_1_44' title='bbox 328 898 395 949; x_wconf 83' lang='lat' dir='ltr'>ergo</span> <span class='ocrx_word' id='word_1_45' title='bbox 410 883 462 935; x_wconf 87' lang='lat' dir='ltr'>iste</span> <span class='ocrx_word' id='word_1_46' title='bbox 477 882 548 936; x_wconf 92' lang='lat' dir='ltr'>ordo</span> <span class='ocrx_word' id='word_1_47' title='bbox 563 886 613 949; x_wconf 84' lang='lat' dir='ltr'>est,</span> <span class='ocrx_word' id='word_1_48' title='bbox 629 885 659 936; x_wconf 90' lang='lat' dir='ltr'>ut</span> <span class='ocrx_word' id='word_1_49' title='bbox 673 884 750 951; x_wconf 89' lang='lat' dir='ltr'>prius</span> <span class='ocrx_word' id='word_1_50' title='bbox 764 883 893 950; x_wconf 67' lang='lat' dir='ltr'>credatis</span> <span class='ocrx_word' id='word_1_51' title='bbox 909 886 1007 951; x_wconf 85' lang='lat' dir='ltr'>postea</span> <span class='ocrx_word' id='word_1_52' title='bbox 1022 883 1165 948; x_wconf 73' lang='lat' dir='ltr'>inuoceti3‚</span> <span class='ocrx_word' id='word_1_53' title='bbox 1179 881 1264 934; x_wconf 90' lang='lat' dir='ltr'>hodie</span> 
     </span>
    </p>
   </div>
   <div class='ocr_carea' id='block_1_4' title="bbox 175 931 319 967">
    <p class='ocr_par' dir='ltr' id='par_1_4' title="bbox 175 931 319 967">
     <span class='ocr_line' id='line_1_8' title="bbox 175 931 319 967; baseline -0.014 -6"><span class='ocrx_word' id='word_1_54' title='bbox 175 933 210 962; x_wconf 85' lang='lat' dir='ltr'>octo</span> <span class='ocrx_word' id='word_1_55' title='bbox 221 931 274 961; x_wconf 82' lang='lat' dir='ltr'>diebus</span> <span class='ocrx_word' id='word_1_56' title='bbox 284 931 319 967; x_wconf 85' lang='lat' dir='ltr'>post</span> 
     </span>
    </p>
   </div>
   <div class='ocr_carea' id='block_1_5' title="bbox 174 966 1298 3390">
    <p class='ocr_par' dir='ltr' id='par_1_5' title="bbox 174 966 1298 3390">
     <span class='ocr_line' id='line_1_9' title="bbox 176 966 1264 1036; baseline 0 -19"><span class='ocrx_word' id='word_1_57' title='bbox 176 980 260 1035; x_wconf 65' lang='lat' dir='ltr'>aunuum</span> <span class='ocrx_word' id='word_1_58' title='bbox 281 987 318 1033; x_wconf 63' lang='lat'><em>5120-</em></span> <span class='ocrx_word' id='word_1_59' title='bbox 328 967 451 1033; x_wconf 88' lang='lat' dir='ltr'>accipitis</span> <span class='ocrx_word' id='word_1_60' title='bbox 470 966 627 1034; x_wconf 88' lang='lat' dir='ltr'>symbolum</span> <span class='ocrx_word' id='word_1_61' title='bbox 645 967 724 1033; x_wconf 83' lang='lat' dir='ltr'>fidei,</span> <span class='ocrx_word' id='word_1_62' title='bbox 742 968 769 1019; x_wconf 90' lang='lat' dir='ltr'>in</span> <span class='ocrx_word' id='word_1_63' title='bbox 788 982 843 1034; x_wconf 91' lang='lat' dir='ltr'>quo</span> <span class='ocrx_word' id='word_1_64' title='bbox 860 968 993 1034; x_wconf 87' lang='lat' dir='ltr'>credatis;</span> <span class='ocrx_word' id='word_1_65' title='bbox 1011 970 1075 1036; x_wconf 88' lang='lat' dir='ltr'>post</span> <span class='ocrx_word' id='word_1_66' title='bbox 1092 969 1155 1021; x_wconf 86' lang='lat' dir='ltr'>octo</span> <span class='ocrx_word' id='word_1_67' title='bbox 1173 968 1264 1019; x_wconf 91' lang='lat' dir='ltr'>autem</span> 
     </span>
     <span class='ocr_line' id='line_1_10' title="bbox 184 1028 839 1120; baseline 0.005 -18"><span class='ocrx_word' id='word_1_68' title='bbox 184 1029 236 1067; x_wconf 51' lang='lat' dir='ltr'>phym</span> <span class='ocrx_word' id='word_1_69' title='bbox 246 1028 306 1058; x_wconf 53' lang='lat' dir='ltr'>‘mm&#39;</span> <span class='ocrx_word' id='word_1_70' title='bbox 327 1050 388 1103; x_wconf 87' lang='lat' dir='ltr'>dies</span> <span class='ocrx_word' id='word_1_71' title='bbox 403 1052 568 1120; x_wconf 89' lang='lat' dir='ltr'>orationem,</span> <span class='ocrx_word' id='word_1_72' title='bbox 583 1054 610 1105; x_wconf 91' lang='lat' dir='ltr'>in</span> <span class='ocrx_word' id='word_1_73' title='bbox 626 1067 679 1119; x_wconf 88' lang='lat' dir='ltr'>qua</span> <span class='ocrx_word' id='word_1_74' title='bbox 694 1051 839 1105; x_wconf 75' lang='lat' dir='ltr'>inuocetis</span> 
     </span>
     <span class='ocr_line' id='line_1_11' title="bbox 387 1133 1295 1203; baseline -0.006 -16"><span class='ocrx_word' id='word_1_75' title='bbox 387 1136 412 1188; x_wconf 89' lang='lat'>2.</span> <span class='ocrx_word' id='word_1_76' title='bbox 428 1133 591 1203; x_wconf 84' lang='lat' dir='ltr'>Symbolum</span> <span class='ocrx_word' id='word_1_77' title='bbox 605 1137 648 1188; x_wconf 88' lang='lat' dir='ltr'>est</span> <span class='ocrx_word' id='word_1_78' title='bbox 662 1150 729 1202; x_wconf 82' lang='lat' dir='ltr'>ergo</span> <span class='ocrx_word' id='word_1_79' title='bbox 744 1135 866 1188; x_wconf 86' lang='lat' dir='ltr'>breuiter</span> <span class='ocrx_word' id='word_1_80' title='bbox 880 1136 1016 1203; x_wconf 85' lang='lat' dir='ltr'>conplexa</span> <span class='ocrx_word' id='word_1_81' title='bbox 1030 1136 1126 1203; x_wconf 82' lang='lat' dir='ltr'>regula</span> <span class='ocrx_word' id='word_1_82' title='bbox 1140 1135 1219 1201; x_wconf 84' lang='lat' dir='ltr'>fidei,</span> <span class='ocrx_word' id='word_1_83' title='bbox 1233 1136 1264 1188; x_wconf 92' lang='lat' dir='ltr'>ut</span> <span class='ocrx_word' id='word_1_84' title='bbox 1271 1145 1295 1182; x_wconf 82' lang='lat'>45</span> 
     </span>
     <span class='ocr_line' id='line_1_12' title="bbox 327 1219 1264 1287; baseline 0.001 -16"><span class='ocrx_word' id='word_1_85' title='bbox 327 1221 447 1272; x_wconf 88' lang='lat' dir='ltr'>mentem</span> <span class='ocrx_word' id='word_1_86' title='bbox 463 1221 590 1287; x_wconf 87' lang='lat' dir='ltr'>instruat,</span> <span class='ocrx_word' id='word_1_87' title='bbox 606 1235 655 1273; x_wconf 87' lang='lat' dir='ltr'>nec</span> <span class='ocrx_word' id='word_1_88' title='bbox 670 1222 767 1272; x_wconf 88' lang='lat' dir='ltr'>oneret</span> <span class='ocrx_word' id='word_1_89' title='bbox 783 1222 956 1285; x_wconf 87' lang='lat' dir='ltr'>memoriam;</span> <span class='ocrx_word' id='word_1_90' title='bbox 972 1221 1067 1286; x_wconf 85' lang='lat' dir='ltr'>paucis</span> <span class='ocrx_word' id='word_1_91' title='bbox 1083 1221 1175 1273; x_wconf 87' lang='lat' dir='ltr'>uerbis</span> <span class='ocrx_word' id='word_1_92' title='bbox 1191 1219 1264 1272; x_wconf 87' lang='lat' dir='ltr'>dica-</span> 
     </span>
     <span class='ocr_line' id='line_1_13' title="bbox 327 1302 1264 1370; baseline -0.001 -15"><span class='ocrx_word' id='word_1_93' title='bbox 327 1305 379 1369; x_wconf 86' lang='lat' dir='ltr'>tur,</span> <span class='ocrx_word' id='word_1_94' title='bbox 404 1304 479 1356; x_wconf 88' lang='lat' dir='ltr'>unde</span> <span class='ocrx_word' id='word_1_95' title='bbox 499 1304 615 1357; x_wconf 92' lang='lat' dir='ltr'>multum</span> <span class='ocrx_word' id='word_1_96' title='bbox 637 1304 807 1370; x_wconf 81' lang='lat' dir='ltr'>adquiratur.</span> <span class='ocrx_word' id='word_1_97' title='bbox 833 1302 996 1370; x_wconf 87' lang='lat' dir='ltr'>Symbolum</span> <span class='ocrx_word' id='word_1_98' title='bbox 1017 1318 1085 1369; x_wconf 82' lang='lat' dir='ltr'>ergo</span> <span class='ocrx_word' id='word_1_99' title='bbox 1106 1303 1214 1368; x_wconf 89' lang='lat' dir='ltr'>dicitur,</span> <span class='ocrx_word' id='word_1_100' title='bbox 1236 1304 1264 1354; x_wconf 93' lang='lat' dir='ltr'>in</span> 
     </span>
     <span class='ocr_line' id='line_1_14' title="bbox 328 1386 1264 1455; baseline -0.001 -15"><span class='ocrx_word' id='word_1_101' title='bbox 328 1403 383 1454; x_wconf 92' lang='lat' dir='ltr'>quo</span> <span class='ocrx_word' id='word_1_102' title='bbox 404 1404 435 1440; x_wconf 87' lang='lat' dir='ltr'>se</span> <span class='ocrx_word' id='word_1_103' title='bbox 454 1390 607 1455; x_wconf 73' lang='lat' dir='ltr'>agnoscant</span> <span class='ocrx_word' id='word_1_104' title='bbox 626 1387 792 1441; x_wconf 81' lang='lat' dir='ltr'>Christiani:</span> <span class='ocrx_word' id='word_1_105' title='bbox 813 1388 865 1441; x_wconf 92' lang='lat' dir='ltr'>hoc</span> <span class='ocrx_word' id='word_1_106' title='bbox 880 1389 927 1440; x_wconf 90' lang='lat' dir='ltr'>est</span> <span class='ocrx_word' id='word_1_107' title='bbox 948 1387 1023 1454; x_wconf 89' lang='lat' dir='ltr'>quod</span> <span class='ocrx_word' id='word_1_108' title='bbox 1043 1388 1162 1454; x_wconf 87' lang='lat' dir='ltr'>primum</span> <span class='ocrx_word' id='word_1_109' title='bbox 1182 1386 1264 1440; x_wconf 91' lang='lat' dir='ltr'>uobis</span> 
     </span>
     <span class='ocr_line' id='line_1_15' title="bbox 327 1469 1264 1540; baseline -0.003 -15"><span class='ocrx_word' id='word_1_110' title='bbox 327 1472 450 1525; x_wconf 87' lang='lat' dir='ltr'>breuiter</span> <span class='ocrx_word' id='word_1_111' title='bbox 475 1471 672 1540; x_wconf 81' lang='lat' dir='ltr'>pronuntiabo,</span> <span class='ocrx_word' id='word_1_112' title='bbox 698 1469 817 1537; x_wconf 86' lang='lat' dir='ltr'>Deinde,</span> <span class='ocrx_word' id='word_1_113' title='bbox 844 1473 977 1537; x_wconf 91' lang='lat' dir='ltr'>quantum</span> <span class='ocrx_word' id='word_1_114' title='bbox 1003 1471 1133 1523; x_wconf 90' lang='lat' dir='ltr'>dominus</span> <span class='ocrx_word' id='word_1_115' title='bbox 1159 1470 1264 1524; x_wconf 91' lang='lat' dir='ltr'>donare</span> 
     </span>
     <span class='ocr_line' id='line_1_16' title="bbox 328 1554 1296 1623; baseline -0.005 -15"><span class='ocrx_word' id='word_1_116' title='bbox 328 1556 460 1623; x_wconf 82' lang='lat' dir='ltr'>dignatus</span> <span class='ocrx_word' id='word_1_117' title='bbox 477 1556 570 1622; x_wconf 79' lang='lat' dir='ltr'>tuerit,</span> <span class='ocrx_word' id='word_1_118' title='bbox 585 1557 707 1622; x_wconf 87' lang='lat' dir='ltr'>aperiam</span> <span class='ocrx_word' id='word_1_119' title='bbox 723 1554 817 1620; x_wconf 91' lang='lat' dir='ltr'>uobis;</span> <span class='ocrx_word' id='word_1_120' title='bbox 833 1557 864 1607; x_wconf 88' lang='lat' dir='ltr'>ut</span> <span class='ocrx_word' id='word_1_121' title='bbox 879 1555 955 1622; x_wconf 87' lang='lat' dir='ltr'>quod</span> <span class='ocrx_word' id='word_1_122' title='bbox 970 1557 1064 1608; x_wconf 87' lang='lat' dir='ltr'>tenere</span> <span class='ocrx_word' id='word_1_123' title='bbox 1079 1570 1131 1609; x_wconf 92' lang='lat' dir='ltr'>uos</span> <span class='ocrx_word' id='word_1_124' title='bbox 1146 1554 1222 1620; x_wconf 87' lang='lat' dir='ltr'>uolo,</span> <span class='ocrx_word' id='word_1_125' title='bbox 1237 1556 1296 1607; x_wconf 74' lang='lat' dir='ltr'>etso</span> 
     </span>
     <span class='ocr_line' id='line_1_17' title="bbox 175 1639 1266 1707; baseline 0 -18"><span class='ocrx_word' id='word_1_126' title='bbox 175 1652 205 1682; x_wconf 70' lang='lat' dir='ltr'>aa</span> <span class='ocrx_word' id='word_1_127' title='bbox 228 1640 489 1707; x_wconf 68' lang='lat' dir='ltr'>pronuntia-intellegere</span> <span class='ocrx_word' id='word_1_128' title='bbox 507 1640 633 1693; x_wconf 85' lang='lat' dir='ltr'>ualeatis,</span> <span class='ocrx_word' id='word_1_129' title='bbox 658 1639 721 1693; x_wconf 86' lang='lat' dir='ltr'>Hoc</span> <span class='ocrx_word' id='word_1_130' title='bbox 739 1642 781 1692; x_wconf 90' lang='lat' dir='ltr'>est</span> <span class='ocrx_word' id='word_1_131' title='bbox 799 1640 965 1707; x_wconf 90' lang='lat' dir='ltr'>symbolum.</span> <span class='ocrx_word' id='word_1_132' title='bbox 1004 1641 1038 1690; x_wconf 82' lang='lat' dir='ltr'>Et</span> <span class='ocrx_word' id='word_1_133' title='bbox 1055 1645 1107 1704; x_wconf 77' lang='lat' dir='ltr'>post</span> <span class='ocrx_word' id='word_1_134' title='bbox 1124 1641 1266 1702; x_wconf 68' lang='lat' dir='ltr'>symbolum:</span> 
     </span>
     <span class='ocr_line' id='line_1_18' title="bbox 174 1699 1265 1792; baseline -0.003 -12"><span class='ocrx_word' id='word_1_135' title='bbox 174 1699 394 1788; x_wconf 51' lang='lat' dir='ltr'>hffliiiiiiispffiNon</span> <span class='ocrx_word' id='word_1_136' title='bbox 417 1725 460 1775; x_wconf 86' lang='lat' dir='ltr'>est</span> <span class='ocrx_word' id='word_1_137' title='bbox 481 1724 606 1791; x_wconf 83' lang='lat' dir='ltr'>multum,</span> <span class='ocrx_word' id='word_1_138' title='bbox 628 1727 656 1777; x_wconf 89' lang='lat' dir='ltr'>et</span> <span class='ocrx_word' id='word_1_139' title='bbox 678 1724 794 1777; x_wconf 89' lang='lat' dir='ltr'>multum</span> <span class='ocrx_word' id='word_1_140' title='bbox 816 1726 870 1789; x_wconf 80' lang='lat' dir='ltr'>est3</span> <span class='ocrx_word' id='word_1_141' title='bbox 892 1741 949 1777; x_wconf 89' lang='lat' dir='ltr'>non</span> <span class='ocrx_word' id='word_1_142' title='bbox 969 1740 1041 1792; x_wconf 87' lang='lat' dir='ltr'>opus</span> <span class='ocrx_word' id='word_1_143' title='bbox 1064 1727 1106 1778; x_wconf 90' lang='lat' dir='ltr'>est</span> <span class='ocrx_word' id='word_1_144' title='bbox 1127 1727 1158 1778; x_wconf 92' lang='lat' dir='ltr'>ut</span> <span class='ocrx_word' id='word_1_145' title='bbox 1179 1725 1265 1778; x_wconf 87' lang='lat' dir='ltr'>uerba</span> 
     </span>
     <span class='ocr_line' id='line_1_19' title="bbox 328 1807 1266 1875; baseline 0.003 -17"><span class='ocrx_word' id='word_1_146' title='bbox 328 1808 485 1869; x_wconf 65' lang='lat' dir='ltr'>numeneus</span> <span class='ocrx_word' id='word_1_147' title='bbox 505 1808 555 1860; x_wconf 91' lang='lat' dir='ltr'>sed</span> <span class='ocrx_word' id='word_1_148' title='bbox 567 1809 742 1875; x_wconf 87' lang='lat' dir='ltr'>appendatis.</span> <span class='ocrx_word' id='word_1_149' title='bbox 763 1807 870 1861; x_wconf 81' lang='lat' dir='ltr'>Credo</span> <span class='ocrx_word' id='word_1_150' title='bbox 884 1810 914 1861; x_wconf 90' lang='lat' dir='ltr'>in</span> <span class='ocrx_word' id='word_1_151' title='bbox 927 1809 1019 1861; x_wconf 92' lang='lat' dir='ltr'>deum</span> <span class='ocrx_word' id='word_1_152' title='bbox 1032 1811 1153 1875; x_wconf 86' lang='lat' dir='ltr'>patrem</span> <span class='ocrx_word' id='word_1_153' title='bbox 1166 1810 1266 1861; x_wconf 91' lang='lat' dir='ltr'>omui·</span> 
     </span>
     <span class='ocr_line' id='line_1_20' title="bbox 329 1890 1265 1960; baseline 0 -15"><span class='ocrx_word' id='word_1_154' title='bbox 329 1893 501 1958; x_wconf 85' lang='lat' dir='ltr'>potentem.</span> <span class='ocrx_word' id='word_1_155' title='bbox 522 1892 592 1946; x_wconf 87' lang='lat' dir='ltr'>Vide</span> <span class='ocrx_word' id='word_1_156' title='bbox 607 1908 688 1960; x_wconf 88' lang='lat' dir='ltr'>quam</span> <span class='ocrx_word' id='word_1_157' title='bbox 702 1893 757 1946; x_wconf 87' lang='lat' dir='ltr'>cito</span> <span class='ocrx_word' id='word_1_158' title='bbox 771 1893 880 1959; x_wconf 89' lang='lat' dir='ltr'>dicitur,</span> <span class='ocrx_word' id='word_1_159' title='bbox 894 1895 922 1945; x_wconf 88' lang='lat' dir='ltr'>et</span> <span class='ocrx_word' id='word_1_160' title='bbox 935 1895 1069 1959; x_wconf 87' lang='lat' dir='ltr'>quantum</span> <span class='ocrx_word' id='word_1_161' title='bbox 1082 1892 1166 1946; x_wconf 86' lang='lat' dir='ltr'>ualet.</span> <span class='ocrx_word' id='word_1_162' title='bbox 1188 1890 1265 1945; x_wconf 87' lang='lat' dir='ltr'>Deus</span> 
     </span>
     <span class='ocr_line' id='line_1_21' title="bbox 175 1974 1296 2044; baseline -0.001 -16"><span class='ocrx_word' id='word_1_163' title='bbox 175 1992 218 2022; x_wconf 72' lang='lat' dir='ltr'>neus</span> <span class='ocrx_word' id='word_1_164' title='bbox 245 1990 319 2028; x_wconf 64' lang='lat' dir='ltr'>potestate</span> <span class='ocrx_word' id='word_1_165' title='bbox 328 1976 378 2041; x_wconf 87' lang='lat' dir='ltr'>est,</span> <span class='ocrx_word' id='word_1_166' title='bbox 390 1977 417 2027; x_wconf 88' lang='lat' dir='ltr'>et</span> <span class='ocrx_word' id='word_1_167' title='bbox 428 1978 506 2042; x_wconf 87' lang='lat' dir='ltr'>pater</span> <span class='ocrx_word' id='word_1_168' title='bbox 517 1978 570 2029; x_wconf 90' lang='lat' dir='ltr'>cst:</span> <span class='ocrx_word' id='word_1_169' title='bbox 583 1976 652 2029; x_wconf 91' lang='lat' dir='ltr'>deus</span> <span class='ocrx_word' id='word_1_170' title='bbox 664 1978 811 2043; x_wconf 80' lang='lat' dir='ltr'>potestate,</span> <span class='ocrx_word' id='word_1_171' title='bbox 823 1979 901 2044; x_wconf 88' lang='lat' dir='ltr'>pater</span> <span class='ocrx_word' id='word_1_172' title='bbox 912 1977 1045 2030; x_wconf 85' lang='lat' dir='ltr'>bonitate.</span> <span class='ocrx_word' id='word_1_173' title='bbox 1063 1974 1156 2042; x_wconf 87' lang='lat' dir='ltr'>Quam</span> <span class='ocrx_word' id='word_1_174' title='bbox 1168 1975 1264 2030; x_wconf 81' lang='lat' dir='ltr'>felices</span> <span class='ocrx_word' id='word_1_175' title='bbox 1272 1990 1296 2027; x_wconf 85' lang='lat'>55</span> 
     </span>
     <span class='ocr_line' id='line_1_22' title="bbox 174 2040 1264 2131; baseline -0.006 -12"><span class='ocrx_word' id='word_1_176' title='bbox 174 2040 319 2131; x_wconf 49' lang='lat' dir='ltr'>deminiiiiuf&#39;a‘e‘</span> <span class='ocrx_word' id='word_1_177' title='bbox 328 2074 431 2126; x_wconf 83' lang='lat' dir='ltr'>sumus,</span> <span class='ocrx_word' id='word_1_178' title='bbox 443 2061 489 2126; x_wconf 93' lang='lat' dir='ltr'>qui</span> <span class='ocrx_word' id='word_1_179' title='bbox 499 2060 581 2113; x_wconf 92' lang='lat' dir='ltr'>deum</span> <span class='ocrx_word' id='word_1_180' title='bbox 592 2063 718 2113; x_wconf 88' lang='lat' dir='ltr'>nostrum</span> <span class='ocrx_word' id='word_1_181' title='bbox 729 2063 835 2128; x_wconf 90' lang='lat' dir='ltr'>patrem</span> <span class='ocrx_word' id='word_1_182' title='bbox 846 2061 1013 2114; x_wconf 87' lang='lat' dir='ltr'>inuenimus!</span> <span class='ocrx_word' id='word_1_183' title='bbox 1031 2060 1187 2115; x_wconf 88' lang='lat' dir='ltr'>Credamus</span> <span class='ocrx_word' id='word_1_184' title='bbox 1196 2075 1264 2128; x_wconf 83' lang='lat' dir='ltr'>ergo</span> 
     </span>
     <span class='ocr_line' id='line_1_23' title="bbox 328 2144 1263 2212; baseline 0.002 -17"><span class='ocrx_word' id='word_1_185' title='bbox 328 2145 355 2195; x_wconf 90' lang='lat' dir='ltr'>in</span> <span class='ocrx_word' id='word_1_186' title='bbox 370 2159 441 2210; x_wconf 86' lang='lat' dir='ltr'>eum,</span> <span class='ocrx_word' id='word_1_187' title='bbox 455 2147 483 2196; x_wconf 88' lang='lat' dir='ltr'>et</span> <span class='ocrx_word' id='word_1_188' title='bbox 497 2145 591 2196; x_wconf 89' lang='lat' dir='ltr'>omnia</span> <span class='ocrx_word' id='word_1_189' title='bbox 606 2144 688 2197; x_wconf 89' lang='lat' dir='ltr'>nobis</span> <span class='ocrx_word' id='word_1_190' title='bbox 703 2145 738 2197; x_wconf 90' lang='lat' dir='ltr'>de</span> <span class='ocrx_word' id='word_1_191' title='bbox 754 2145 841 2212; x_wconf 88' lang='lat' dir='ltr'>ipsius</span> <span class='ocrx_word' id='word_1_192' title='bbox 857 2144 1046 2197; x_wconf 87' lang='lat' dir='ltr'>misericordia</span> <span class='ocrx_word' id='word_1_193' title='bbox 1061 2145 1263 2211; x_wconf 64' lang='lat' dir='ltr'>promittamus</span> 
     </span>
     <span class='ocr_line' id='line_1_24' title="bbox 326 2225 1264 2296; baseline 0.003 -18"><span class='ocrx_word' id='word_1_194' title='bbox 326 2225 386 2294; x_wconf 89' lang='lat' dir='ltr'>quia</span> <span class='ocrx_word' id='word_1_195' title='bbox 413 2225 578 2296; x_wconf 85' lang='lat' dir='ltr'>omnipotens</span> <span class='ocrx_word' id='word_1_196' title='bbox 606 2229 654 2279; x_wconf 87' lang='lat' dir='ltr'>est:</span> <span class='ocrx_word' id='word_1_197' title='bbox 695 2229 759 2281; x_wconf 88' lang='lat' dir='ltr'>ideo</span> <span class='ocrx_word' id='word_1_198' title='bbox 777 2230 805 2281; x_wconf 90' lang='lat' dir='ltr'>iu</span> <span class='ocrx_word' id='word_1_199' title='bbox 821 2229 905 2281; x_wconf 89' lang='lat' dir='ltr'>deum</span> <span class='ocrx_word' id='word_1_200' title='bbox 922 2231 1028 2296; x_wconf 88' lang='lat' dir='ltr'>patrem</span> <span class='ocrx_word' id='word_1_201' title='bbox 1045 2229 1264 2296; x_wconf 87' lang='lat' dir='ltr'>omnipotentem</span> 
     </span>
     <span class='ocr_line' id='line_1_25' title="bbox 327 2312 1264 2379; baseline 0.001 -16"><span class='ocrx_word' id='word_1_202' title='bbox 327 2312 473 2366; x_wconf 89' lang='lat' dir='ltr'>credimus.</span> <span class='ocrx_word' id='word_1_203' title='bbox 499 2312 590 2365; x_wconf 90' lang='lat' dir='ltr'>Nemo</span> <span class='ocrx_word' id='word_1_204' title='bbox 606 2314 692 2366; x_wconf 87' lang='lat' dir='ltr'>dicat:</span> <span class='ocrx_word' id='word_1_205' title='bbox 710 2312 776 2366; x_wconf 89' lang='lat' dir='ltr'>Non</span> <span class='ocrx_word' id='word_1_206' title='bbox 793 2312 860 2365; x_wconf 84' lang='lat' dir='ltr'>milri</span> <span class='ocrx_word' id='word_1_207' title='bbox 878 2315 971 2379; x_wconf 86' lang='lat' dir='ltr'>potest</span> <span class='ocrx_word' id='word_1_208' title='bbox 988 2312 1127 2364; x_wconf 87' lang='lat' dir='ltr'>dimittere</span> <span class='ocrx_word' id='word_1_209' title='bbox 1145 2316 1264 2378; x_wconf 86' lang='lat' dir='ltr'>peccata.</span> 
     </span>
     <span class='ocr_line' id='line_1_26' title="bbox 327 2394 1297 2464; baseline 0 -16"><span class='ocrx_word' id='word_1_210' title='bbox 327 2394 481 2462; x_wconf 75' lang='lat' dir='ltr'>Quomodo</span> <span class='ocrx_word' id='word_1_211' title='bbox 498 2412 553 2449; x_wconf 87' lang='lat' dir='ltr'>non</span> <span class='ocrx_word' id='word_1_212' title='bbox 570 2399 663 2463; x_wconf 86' lang='lat' dir='ltr'>potest</span> <span class='ocrx_word' id='word_1_213' title='bbox 679 2396 877 2464; x_wconf 84' lang='lat' dir='ltr'>omnipotens?</span> <span class='ocrx_word' id='word_1_214' title='bbox 899 2394 955 2448; x_wconf 86' lang='lat' dir='ltr'>Sed</span> <span class='ocrx_word' id='word_1_215' title='bbox 971 2396 1052 2448; x_wconf 88' lang='lat' dir='ltr'>dicis:</span> <span class='ocrx_word' id='word_1_216' title='bbox 1071 2394 1132 2462; x_wconf 83' lang='lat' dir='ltr'>Ego</span> <span class='ocrx_word' id='word_1_217' title='bbox 1148 2395 1297 2448; x_wconf 80' lang='lat' dir='ltr'>multumoo</span> 
     </span>
     <span class='ocr_line' id='line_1_27' title="bbox 328 2478 1264 2548; baseline 0 -17"><span class='ocrx_word' id='word_1_218' title='bbox 328 2481 448 2546; x_wconf 84' lang='lat' dir='ltr'>peccaui.</span> <span class='ocrx_word' id='word_1_219' title='bbox 472 2479 507 2533; x_wconf 83' lang='lat' dir='ltr'>Et</span> <span class='ocrx_word' id='word_1_220' title='bbox 521 2496 576 2548; x_wconf 84' lang='lat' dir='ltr'>ego</span> <span class='ocrx_word' id='word_1_221' title='bbox 591 2481 666 2532; x_wconf 90' lang='lat' dir='ltr'>dico:</span> <span class='ocrx_word' id='word_1_222' title='bbox 683 2479 739 2532; x_wconf 84' lang='lat' dir='ltr'>Sed</span> <span class='ocrx_word' id='word_1_223' title='bbox 755 2480 803 2533; x_wconf 86' lang='lat' dir='ltr'>illc</span> <span class='ocrx_word' id='word_1_224' title='bbox 818 2482 996 2547; x_wconf 86' lang='lat' dir='ltr'>omnipotens</span> <span class='ocrx_word' id='word_1_225' title='bbox 1013 2482 1062 2532; x_wconf 87' lang='lat' dir='ltr'>est.</span> <span class='ocrx_word' id='word_1_226' title='bbox 1087 2478 1123 2531; x_wconf 83' lang='lat' dir='ltr'>Et</span> <span class='ocrx_word' id='word_1_227' title='bbox 1137 2482 1178 2532; x_wconf 88' lang='lat' dir='ltr'>tu:</span> <span class='ocrx_word' id='word_1_228' title='bbox 1203 2479 1264 2546; x_wconf 81' lang='lat' dir='ltr'>Ego</span> 
     </span>
     <span class='ocr_line' id='line_1_28' title="bbox 328 2563 1264 2631; baseline -0.001 -15"><span class='ocrx_word' id='word_1_229' title='bbox 328 2563 395 2617; x_wconf 88' lang='lat' dir='ltr'>talia</span> <span class='ocrx_word' id='word_1_230' title='bbox 409 2566 519 2631; x_wconf 85' lang='lat' dir='ltr'>peccata</span> <span class='ocrx_word' id='word_1_231' title='bbox 530 2565 665 2630; x_wconf 87' lang='lat' dir='ltr'>commisi,</span> <span class='ocrx_word' id='word_1_232' title='bbox 678 2564 752 2617; x_wconf 89' lang='lat' dir='ltr'>unde</span> <span class='ocrx_word' id='word_1_233' title='bbox 766 2564 878 2617; x_wconf 85' lang='lat' dir='ltr'>liberari</span> <span class='ocrx_word' id='word_1_234' title='bbox 891 2565 918 2615; x_wconf 90' lang='lat' dir='ltr'>et</span> <span class='ocrx_word' id='word_1_235' title='bbox 930 2564 1058 2617; x_wconf 91' lang='lat' dir='ltr'>mundari</span> <span class='ocrx_word' id='word_1_236' title='bbox 1071 2579 1127 2616; x_wconf 89' lang='lat' dir='ltr'>uon</span> <span class='ocrx_word' id='word_1_237' title='bbox 1141 2578 1264 2631; x_wconf 84' lang='lat' dir='ltr'>possum.</span> 
     </span>
     <span class='ocr_line' id='line_1_29' title="bbox 330 2646 1265 2716; baseline -0.003 -14"><span class='ocrx_word' id='word_1_238' title='bbox 330 2646 510 2715; x_wconf 81' lang='lat' dir='ltr'>Respondeo:</span> <span class='ocrx_word' id='word_1_239' title='bbox 525 2647 581 2701; x_wconf 88' lang='lat' dir='ltr'>Sed</span> <span class='ocrx_word' id='word_1_240' title='bbox 594 2649 641 2701; x_wconf 89' lang='lat' dir='ltr'>ille</span> <span class='ocrx_word' id='word_1_241' title='bbox 654 2650 833 2715; x_wconf 89' lang='lat' dir='ltr'>omnipotens</span> <span class='ocrx_word' id='word_1_242' title='bbox 847 2650 897 2701; x_wconf 90' lang='lat' dir='ltr'>est.</span> <span class='ocrx_word' id='word_1_243' title='bbox 917 2647 1017 2701; x_wconf 87' lang='lat' dir='ltr'>Videte</span> <span class='ocrx_word' id='word_1_244' title='bbox 1031 2648 1097 2716; x_wconf 88' lang='lat' dir='ltr'>quid</span> <span class='ocrx_word' id='word_1_245' title='bbox 1111 2648 1135 2700; x_wconf 87' lang='lat' dir='ltr'>ei</span> <span class='ocrx_word' id='word_1_246' title='bbox 1149 2649 1265 2701; x_wconf 87' lang='lat' dir='ltr'>cantetis</span> 
     </span>
     <span class='ocr_line' id='line_1_30' title="bbox 329 2731 1265 2799; baseline 0 -16"><span class='ocrx_word' id='word_1_247' title='bbox 329 2732 357 2783; x_wconf 89' lang='lat' dir='ltr'>in</span> <span class='ocrx_word' id='word_1_248' title='bbox 374 2732 494 2798; x_wconf 86' lang='lat' dir='ltr'>psalmo:</span> <span class='ocrx_word' id='word_1_249' title='bbox 512 2731 661 2799; x_wconf 88' lang='lat' dir='ltr'>Benedic,</span> <span class='ocrx_word' id='word_1_250' title='bbox 678 2733 776 2799; x_wconf 87' lang='lat' dir='ltr'>iuquit,</span> <span class='ocrx_word' id='word_1_251' title='bbox 792 2733 897 2785; x_wconf 85' lang='lat' dir='ltr'>anima</span> <span class='ocrx_word' id='word_1_252' title='bbox 912 2748 978 2785; x_wconf 94' lang='lat' dir='ltr'>mea</span> <span class='ocrx_word' id='word_1_253' title='bbox 994 2732 1136 2796; x_wconf 90' lang='lat' dir='ltr'>domiu0,</span> <span class='ocrx_word' id='word_1_254' title='bbox 1153 2732 1265 2785; x_wconf 81' lang='lat' dir='ltr'>ct&#39;uoli</span> 
     </span>
     <span class='ocr_line' id='line_1_31' title="bbox 329 2816 1296 2885; baseline -0.006 -15"><span class='ocrx_word' id='word_1_255' title='bbox 329 2818 483 2871; x_wconf 85' lang='lat' dir='ltr'>obliuisci</span> <span class='ocrx_word' id='word_1_256' title='bbox 500 2833 609 2871; x_wconf 88' lang='lat' dir='ltr'>omnes</span> <span class='ocrx_word' id='word_1_257' title='bbox 625 2819 859 2872; x_wconf 87' lang='lat' dir='ltr'>retributiones</span> <span class='ocrx_word' id='word_1_258' title='bbox 879 2820 956 2883; x_wconf 87' lang='lat' dir='ltr'>eius,</span> <span class='ocrx_word' id='word_1_259' title='bbox 975 2819 1026 2885; x_wconf 90' lang='lat' dir='ltr'>qui</span> <span class='ocrx_word' id='word_1_260' title='bbox 1044 2819 1206 2885; x_wconf 88' lang='lat' dir='ltr'>propitius</span> <span class='ocrx_word' id='word_1_261' title='bbox 1224 2816 1296 2869; x_wconf 74' lang='lat' dir='ltr'>titos</span> 
     </span>
     <span class='ocr_line' id='line_1_32' title="bbox 329 2898 1265 2970; baseline -0.005 -16"><span class='ocrx_word' id='word_1_262' title='bbox 329 2902 478 2955; x_wconf 90' lang='lat' dir='ltr'>omnibus</span> <span class='ocrx_word' id='word_1_263' title='bbox 495 2904 723 2970; x_wconf 88' lang='lat' dir='ltr'>iniquitatibus</span> <span class='ocrx_word' id='word_1_264' title='bbox 739 2905 815 2969; x_wconf 78' lang='lat' dir='ltr'>tuiS,</span> <span class='ocrx_word' id='word_1_265' title='bbox 832 2903 883 2970; x_wconf 91' lang='lat' dir='ltr'>qui</span> <span class='ocrx_word' id='word_1_266' title='bbox 900 2906 992 2957; x_wconf 86' lang='lat' dir='ltr'>sanat</span> <span class='ocrx_word' id='word_1_267' title='bbox 1007 2918 1116 2956; x_wconf 89' lang='lat' dir='ltr'>omnes</span> <span class='ocrx_word' id='word_1_268' title='bbox 1134 2898 1265 2966; x_wconf 84' lang='lat' dir='ltr'>languo-</span> 
     </span>
     <span class='ocr_line' id='line_1_33' title="bbox 176 2985 1264 3062; baseline -0.003 -24"><span class='ocrx_word' id='word_1_269' title='bbox 176 3008 199 3038; x_wconf 69' lang='lat' dir='ltr'>ra</span> <span class='ocrx_word' id='word_1_270' title='bbox 223 3008 253 3038; x_wconf 68' lang='lat'>1100</span> <span class='ocrx_word' id='word_1_271' title='bbox 273 3004 379 3062; x_wconf 53' lang='lat' dir='ltr'>acures</span> <span class='ocrx_word' id='word_1_272' title='bbox 399 2990 482 3041; x_wconf 83' lang='lat' dir='ltr'>tuos,</span> <span class='ocrx_word' id='word_1_273' title='bbox 504 2986 549 3039; x_wconf 81' lang='lat' dir='ltr'>Ad</span> <span class='ocrx_word' id='word_1_274' title='bbox 568 2987 620 3040; x_wconf 89' lang='lat' dir='ltr'>hoc</span> <span class='ocrx_word' id='word_1_275' title='bbox 638 2987 720 3040; x_wconf 86' lang='lat' dir='ltr'>nohis</span> <span class='ocrx_word' id='word_1_276' title='bbox 739 2989 782 3040; x_wconf 88' lang='lat' dir='ltr'>est</span> <span class='ocrx_word' id='word_1_277' title='bbox 800 2988 860 3039; x_wconf 89' lang='lat' dir='ltr'>eius</span> <span class='ocrx_word' id='word_1_278' title='bbox 879 2986 1082 3053; x_wconf 89' lang='lat' dir='ltr'>omnipotentia</span> <span class='ocrx_word' id='word_1_279' title='bbox 1100 2985 1264 3038; x_wconf 87' lang='lat' dir='ltr'>necessaria.</span> 
     </span>
     <span class='ocr_line' id='line_1_34' title="bbox 177 3055 1265 3140; baseline -0.006 -15"><span class='ocrx_word' id='word_1_280' title='bbox 177 3055 320 3140; x_wconf 51' lang='grc' dir='ltr'>θ’ξῖζξξεῗξξὲᾞ</span> <span class='ocrx_word' id='word_1_281' title='bbox 330 3072 403 3127; x_wconf 86' lang='lat' dir='ltr'>Nam</span> <span class='ocrx_word' id='word_1_282' title='bbox 414 3072 560 3125; x_wconf 88' lang='lat' dir='ltr'>uniuersae</span> <span class='ocrx_word' id='word_1_283' title='bbox 570 3074 710 3124; x_wconf 89' lang='lat' dir='ltr'>creaturae</span> <span class='ocrx_word' id='word_1_284' title='bbox 722 3071 821 3124; x_wconf 89' lang='lat' dir='ltr'>adhoc</span> <span class='ocrx_word' id='word_1_285' title='bbox 832 3073 891 3124; x_wconf 87' lang='lat' dir='ltr'>erat</span> <span class='ocrx_word' id='word_1_286' title='bbox 901 3072 1065 3135; x_wconf 85' lang='lat' dir='ltr'>necessaria,</span> <span class='ocrx_word' id='word_1_287' title='bbox 1076 3072 1107 3122; x_wconf 90' lang='lat' dir='ltr'>ut</span> <span class='ocrx_word' id='word_1_288' title='bbox 1116 3070 1265 3122; x_wconf 83' lang='lat' dir='ltr'>crearetur:</span> 
     </span>
     <span class='ocr_line' id='line_1_35' title="bbox 175 3151 1266 3224; baseline -0.006 -14"><span class='ocrx_word' id='word_1_289' title='bbox 175 3153 238 3188; x_wconf 52' lang='lat' dir='ltr'>lm</span> <span class='ocrx_word' id='word_1_290' title='bbox 251 3151 320 3180; x_wconf 73' lang='lat' dir='ltr'>oinium</span> <span class='ocrx_word' id='word_1_291' title='bbox 330 3157 508 3224; x_wconf 88' lang='lat' dir='ltr'>omnipotens</span> <span class='ocrx_word' id='word_1_292' title='bbox 526 3158 569 3208; x_wconf 86' lang='lat' dir='ltr'>est</span> <span class='ocrx_word' id='word_1_293' title='bbox 586 3156 622 3208; x_wconf 91' lang='lat' dir='ltr'>ad</span> <span class='ocrx_word' id='word_1_294' title='bbox 639 3156 769 3210; x_wconf 84' lang='lat' dir='ltr'>iacienda</span> <span class='ocrx_word' id='word_1_295' title='bbox 787 3156 893 3209; x_wconf 87' lang='lat' dir='ltr'>maiora</span> <span class='ocrx_word' id='word_1_296' title='bbox 909 3157 937 3208; x_wconf 90' lang='lat' dir='ltr'>et</span> <span class='ocrx_word' id='word_1_297' title='bbox 954 3155 1071 3219; x_wconf 88' lang='lat' dir='ltr'>minora,</span> <span class='ocrx_word' id='word_1_298' title='bbox 1088 3153 1266 3218; x_wconf 87' lang='lat' dir='ltr'>omnipotens</span> 
     </span>
     <span class='ocr_line' id='line_1_36' title="bbox 330 3235 1298 3306; baseline -0.006 -13"><span class='ocrx_word' id='word_1_299' title='bbox 330 3242 372 3293; x_wconf 87' lang='lat' dir='ltr'>est</span> <span class='ocrx_word' id='word_1_300' title='bbox 393 3240 429 3293; x_wconf 85' lang='lat' dir='ltr'>ad</span> <span class='ocrx_word' id='word_1_301' title='bbox 448 3239 580 3293; x_wconf 86' lang='lat' dir='ltr'>caelestia</span> <span class='ocrx_word' id='word_1_302' title='bbox 600 3241 627 3291; x_wconf 88' lang='lat' dir='ltr'>et</span> <span class='ocrx_word' id='word_1_303' title='bbox 646 3240 796 3305; x_wconf 83' lang='lat' dir='ltr'>terrestria,</span> <span class='ocrx_word' id='word_1_304' title='bbox 818 3239 995 3306; x_wconf 86' lang='lat' dir='ltr'>omnipotens</span> <span class='ocrx_word' id='word_1_305' title='bbox 1017 3238 1059 3289; x_wconf 91' lang='lat' dir='ltr'>est</span> <span class='ocrx_word' id='word_1_306' title='bbox 1080 3236 1116 3289; x_wconf 91' lang='lat' dir='ltr'>ad</span> <span class='ocrx_word' id='word_1_307' title='bbox 1137 3235 1298 3289; x_wconf 80' lang='lat' dir='ltr'>faciendam</span> 
     </span>
     <span class='ocr_line' id='line_1_37' title="bbox 330 3319 1267 3390; baseline -0.006 -13"><span class='ocrx_word' id='word_1_308' title='bbox 330 3324 489 3377; x_wconf 87' lang='lat' dir='ltr'>inmortalia</span> <span class='ocrx_word' id='word_1_309' title='bbox 502 3326 530 3377; x_wconf 89' lang='lat' dir='ltr'>et</span> <span class='ocrx_word' id='word_1_310' title='bbox 542 3323 678 3390; x_wconf 87' lang='lat' dir='ltr'>mortalia,</span> <span class='ocrx_word' id='word_1_311' title='bbox 691 3324 869 3389; x_wconf 86' lang='lat' dir='ltr'>omnipotens</span> <span class='ocrx_word' id='word_1_312' title='bbox 883 3324 925 3375; x_wconf 90' lang='lat' dir='ltr'>est</span> <span class='ocrx_word' id='word_1_313' title='bbox 938 3321 975 3374; x_wconf 92' lang='lat' dir='ltr'>ad</span> <span class='ocrx_word' id='word_1_314' title='bbox 987 3319 1118 3373; x_wconf 81' lang='lat' dir='ltr'>facienda</span> <span class='ocrx_word' id='word_1_315' title='bbox 1130 3319 1267 3386; x_wconf 79' lang='lat' dir='ltr'>spiritalia</span> 
     </span>
    </p>
   </div>
   <div class='ocr_carea' id='block_1_6' title="bbox 329 3404 1266 3580">
    <p class='ocr_par' dir='ltr' id='par_1_6' title="bbox 329 3404 1266 3580">
     <span class='ocr_line' id='line_1_38' title="bbox 331 3404 1266 3476; baseline -0.002 -17"><span class='ocrx_word' id='word_1_316' title='bbox 331 3409 539 3476; x_wconf 71' lang='lat' dir='ltr'>etcorporum,</span> <span class='ocrx_word' id='word_1_317' title='bbox 557 3408 735 3475; x_wconf 88' lang='lat' dir='ltr'>omnipotens</span> <span class='ocrx_word' id='word_1_318' title='bbox 753 3409 795 3461; x_wconf 92' lang='lat' dir='ltr'>est</span> <span class='ocrx_word' id='word_1_319' title='bbox 813 3407 849 3460; x_wconf 90' lang='lat' dir='ltr'>ad</span> <span class='ocrx_word' id='word_1_320' title='bbox 867 3405 996 3459; x_wconf 85' lang='lat' dir='ltr'>iacienda</span> <span class='ocrx_word' id='word_1_321' title='bbox 1013 3404 1136 3458; x_wconf 88' lang='lat' dir='ltr'>uisibilia</span> <span class='ocrx_word' id='word_1_322' title='bbox 1154 3405 1181 3456; x_wconf 93' lang='lat' dir='ltr'>ct</span> <span class='ocrx_word' id='word_1_323' title='bbox 1197 3405 1266 3457; x_wconf 91' lang='lat' dir='ltr'>inui-</span> 
     </span>
     <span class='ocr_line' id='line_1_39' title="bbox 329 3528 347 3580; baseline 0 0"><span class='ocrx_word' id='word_1_324' title='bbox 329 3528 347 3580; x_wconf 90' lang='lat'><strong>2</strong></span> 
     </span>
    </p>
   </div>
   <div class='ocr_carea' id='block_1_7' title="bbox 0 0 1421 4040">
    <p class='ocr_par' dir='ltr' id='par_1_7' title="bbox 0 0 1421 4040">
     <span class='ocr_line' id='line_1_40' title="bbox 0 0 1421 4040; baseline 0 0"><span class='ocrx_word' id='word_1_325' title='bbox 0 0 1421 4040; x_wconf 95' lang='lat' dir='ltr'> </span> 
     </span>
    </p>
   </div>
  </div>
 </body>
</html>
