2819 4040
695 326 806 379 appendix.
827 329 929 369 Tracth.

347 455 482 523 incapite
499 455 574 523 legat
591 455 737 523 psalmum,
755 458 783 510 in
801 470 857 525 quo
874 458 1004 525 scriptum
1022 457 1074 509 est:
1092 454 1277 508 Misericor-

210 554 314 587 occuuooei
344 538 428 592 diam
448 541 479 593 et
497 536 651 593 iudicium
670 541 809 594 cantabo
829 542 901 609 tibi,
921 540 1056 594 domine.
1078 538 1184 592 Iudicio
1204 539 1276 592 enim

197 604 329 691 „³,¹‡‘,³{⁰{,‘},‘,',¹¹1¹,{1.
344 622 394 676 illo
408 623 516 677 occulto
529 623 627 677 diuino
640 624 757 677 dimissa
771 627 813 678 est
826 628 888 679 ouis
901 640 1003 689 errare;
1018 623 1206 677 misericordia
1219 634 1320 676 cur-ns

198 701 336 781 ”Jgsgjjgffssffll
344 710 421 761 rente
443 708 564 776 pastoris
585 724 646 761 eam
668 707 704 761 ad
725 724 839 776 gregem
861 712 918 763 suis
940 710 1059 763 humeris
1081 707 1277 775 dignatusest

227 800 295 830 lotan,
344 795 494 859 reportare.
511 792 617 846 ludicio
631 793 728 846 diuino
743 809 834 846 errare
849 794 1023 862 permittitur,
1038 791 1227 845 misericordia
1241 791 1276 844 ab

339 892 436 933 ,errore
453 879 606 950 reuocetur.
624 875 710 940 Quod
726 892 794 931 uero
812 894 894 931 ouem
911 880 992 932 istam
1008 877 1138 930 dominus
1155 876 1276 928 humeris

343 962 464 1029 propriis
481 962 632 1028 inpositam
647 960 784 1014 baiolauit
800 961 836 1015 ad
851 978 973 1030 gregem,
990 963 1108 1029 quantae
1124 961 1276 1014 misericor-

341 1044 405 1098 diae
421 1046 480 1098 eius
494 1046 600 1112 gratiae
615 1045 740 1113 agendae
756 1049 829 1113 sunt,
844 1049 891 1114 qui
905 1049 1012 1100 tantum
1027 1061 1056 1098 se
1071 1045 1107 1098 ad
1122 1061 1174 1098 nos
1187 1044 1319 1098 humi-42⁰

342 1127 421 1181 liauit
431 1130 458 1182 et
467 1129 623 1183 inclinauit!
637 1128 741 1196 Portet,
753 1131 779 1182 et
790 1130 893 1196 reiicit3
904 1132 983 1198 regit,
994 1132 1022 1183 et
1031 1129 1161 1183 custodit.
1173 1127 1273 1182 Nonne

343 1213 455 1281 quando
471 1213 539 1266 haec
552 1214 623 1280 ouis,
639 1228 709 1283 quae
725 1216 873 1281 errauerat,
889 1214 945 1267 illis
960 1214 1080 1267 humeris
1096 1213 1213 1281 piissimi
1228 1229 1275 1280 pa·

342 1298 426 1350 storis
442 1297 614 1364 portabatur,
629 1312 726 1350 uocem
742 1297 818 1350 illam
834 1299 934 1366 psalmi
950 1299 1143 1364 meditabatur,
1160 1297 1274 1350 Factus

342 1384 390 1435 est
407 1382 557 1436 dominus
575 1386 744 1450 susceptor
761 1397 859 1450 meus,
878 1387 908 1437 et
925 1384 1036 1436 eduxit
1052 1398 1098 1436 me
1116 1384 1147 1436 in
1165 1382 1275 1435 latitu-

340 1465 456 1531 dinem;
478 1466 630 1521 liberauit
649 1483 706 1533 me,
728 1469 877 1535 quoniam
896 1469 1002 1521 uoluit
1022 1467 1087 1520 me?
1282 1475 1318 1512 425

403 1558 444 1611 14,
463 1557 499 1611 Et
514 1573 593 1625 nunc,
609 1557 726 1611 domine¹
739 1557 819 1624 hone,
836 1573 941 1610 summe
957 1560 985 1611 et
999 1558 1104 1624 optime
1120 1558 1223 1624 pastor,
1240 1571 1274 1608 ne

341 1643 436 1707 pereat
450 1643 520 1708 ouis
535 1642 610 1709 inple
623 1641 752 1695 officium
767 1643 866 1694 summi
880 1642 1009 1709 pastoris.
1023 1639 1142 1709 Sequere
1157 1641 1273 1706 leonem,

194 1736 328 1775 cauusrasior
342 1727 388 1793 qui
410 1727 502 1794 rapuit
521 1741 602 1780 ouem
623 1726 658 1780 de
677 1742 774 1794 grege:
796 1727 840 1779 leo
861 1726 1051 1791 interficiatur,
1073 1726 1134 1778 ouis
1155 1728 1273 1778 eruatur.

188 1787 202 1816 ‘¹
212 1785 264 1816 Dm
276 1788 333 1816 “m‘'
343 1809 444 1863 Nonne
458 1813 489 1863 tu
501 1826 530 1863 es
546 1809 640 1863 Dauid
655 1813 757 1876 noster,
771 1813 867 1878 pastor
880 1811 983 1876 ouium,
998 1825 1045 1862 rex
1059 1812 1160 1875 noster,
1176 1810 1230 1876 qui,
1244 1811 1274 1861 ut

341 1910 480 1962 pugnares
499 1910 559 1948 cum
577 1894 671 1962 Golia,
689 1896 741 1949 hoc
758 1894 913 1962 exemplum
930 1893 1006 1947 Sauli
1024 1894 1135 1959 dedisti,
1154 1893 1230 1961 quod
1247 1895 1274 1945 et
1281 1909 1318 1945 430

341 1978 451 2031 leonem
462 1981 489 2031 et
499 1994 593 2032 ursum
605 1982 719 2046 propter
729 1994 810 2032 ouem
822 1979 942 2032 ablatam
954 1978 1135 2031 interemisti?
1147 1977 1183 2030 Et
1194 1993 1273 2043 nunc,

341 2062 462 2129 domine,
478 2062 572 2116 Dauid
584 2065 686 2130 noster,
699 2078 782 2116 manu
795 2063 887 2130 fortis,
900 2062 989 2115 loide
1002 2065 1050 2115 tuo
1062 2078 1146 2129 grege
1159 2061 1273 2115 cottidie

285 2162 331 2198 roav
340 2148 456 2213 pereunt
474 2162 553 2200 oues:
571 2162 655 2214 quare
671 2149 778 2200 tantum
797 2143 906 2217 Maces?
924 2147 969 2200 Nc
986 2148 1083 2200 sileas
1101 2162 1202 2214 neque
1219 2147 1273 2199 mi-

339 2233 456 2299 iescae,
478 2232 565 2285 deus
588 2231 682 2294 Quare
703 2233 797 2285 taces?
821 2232 945 2285 Inimici
966 2233 1012 2284 tui
1034 2233 1221 2297 sonuerunt,
1244 2232 1273 2283 et

340 2316 391 2382 qui
409 2318 439 2368 te
456 2316 595 2369 oderunt
612 2316 803 2369 leuauerunt
820 2319 922 2383 caput.
946 2314 1039 2378 Quare
1056 2315 1149 2368 taces?
1168 2314 1316 2367 inimicias

338 2400 387 2465 tui,
407 2400 453 2466 qui
470 2402 498 2452 te
516 2399 644 2466 oderunt,
663 2401 716 2466 ipsi
734 2403 761 2452 te
780 2402 913 2452 minorem
932 2400 1068 2464 dixerunt,
1087 2400 1140 2465 ipsi
1160 2398 1272 2451 menbra

338 2485 386 2535 tua
402 2483 602 2550 rebaptizando
617 2483 894 2540 humi<li>auerunt.
911 2482 1004 2547 Quare
1019 2484 1112 2537 taces?
1129 2483 1206 2536 Ecce
1222 2498 1272 2536 su-

339 2582 394 2633 per
406 2566 531 2634 plebem
543 2569 628 2620 tuam
645 2564 805 2618 machinali
823 2568 1086 2622 suntconsilium.
1102 2565 1271 2634 Dixerunt,

338 2650 462 2717 Venite,
478 2653 724 2704 exterminemus
739 2667 794 2704 eos
810 2651 1021 2718 degentibus
1045 2649 1080 2704 Et
1095 2650 1231 2716 dixerunt,
1245 2652 1277 2703 et

339 2734 475 2787 iecerunt:
498 2737 524 2787 et
545 2734 634 2788 adbuc
653 2737 736 2788 taces.
764 2734 874 2801 Tacui,
895 2735 991 2800 tacui,
1013 2734 1108 2800 clama,
1131 2734 1187 2786 sed
1209 2745 1316 2786 nonuo

338 2834 462 2885 semper
477 2819 599 2872 tacebo
616 2818 700 2887 Ergo,
716 2818 828 2871 domine
845 2818 908 2873 lesbi
923 2817 1043 2884 Christe,
1060 2817 1153 2870 Dauid
1168 2820 1270 2883 noster,

337 2917 385 2953 rex
394 2904 502 2975 noster,
518 2903 608 2969 accipe
622 2917 691 2954 uasa
704 2904 752 2954 tua
766 2901 873 2967 bellica,
888 2904 914 2953 et
928 2901 1105 2968 progredere,
1119 2903 1149 2953 ut
1162 2915 1269 2968 pugnes

336 2990 434 3039 contra
452 2986 539 3053 illum,
558 2988 603 3054 qui
622 2986 803 3054 obprobrium
822 2986 889 3039 dicit
907 2987 1041 3039 aduersus
1060 2987 1207 3039 exercitum
1225 2985 1270 3038 dei

337 3072 403 3124 uiui.
427 3069 562 3124 Arrianus
584 3071 720 3138 superbus
744 3070 820 3138 quod
843 3070 1023 3138 obprobrium
1046 3070 1113 3123 dicit
1136 3069 1270 3123 aduersus

337 3156 486 3207 exercitum
497 3154 544 3207 dei
556 3155 632 3208 uiui?
644 3154 784 3207 ltllinorem
798 3155 865 3207 dicit
877 3170 938 3207 esse
951 3154 1101 3206 filiumdei
1113 3155 1179 3207 uiui.
1193 3152 1270 3216 Quid
1277 3167 1314 3204 445

337 3254 476 3305 magnum,
488 3237 605 3291 Arriane
615 3238 753 3305 superbe?
763 3237 977 3291 Similitudinem
988 3239 1062 3305 geris
1073 3238 1148 3290 illius
1159 3236 1269 3290 Goliae.

338 3321 373 3374 Et
387 3321 434 3374 ille
449 3324 521 3374 enim
536 3322 635 3374 uidens
650 3321 744 3375 Dauid
757 3323 914 3375 uenientem
929 3322 965 3375 ad
979 3338 1008 3374 se
1022 3337 1073 3389 pro
1087 3322 1175 3374 nihilo
1190 3322 1270 3374 aesti-

336 3408 430 3473 mauit,
445 3422 506 3460 cum
519 3408 654 3459 minorem
667 3406 785 3459 credidit
799 3421 872 3459 eum:
886 3407 1048 3459 eratenim
1063 3407 1189 3458 iuuenis
1202 3421 1269 3458 cum

334 3524 387 3577 212
