2819 4040
670 322 689 362 S.
702 322 807 372 Augustini
820 323 912 362 tractatus

342 447 462 514 quinque
475 445 640 516 fragmentis
653 445 698 514 ‚de
711 447 842 513 passione
855 445 981 513 domini‘,
995 460 1065 514 quae
1080 444 1157 500 Beda
1170 447 1197 499 et
1209 445 1273 500 F-lo-

342 546 388 583 rus
403 529 579 583 collectaneis
595 532 653 583 suis
670 531 808 583 inseruere
825 527 938 599 (Migne
952 530 996 597 39,
1013 530 1083 584 1723
1099 527 1165 600 sq),
1180 544 1273 584 secun-

342 615 407 667 dum
422 615 603 682 quartumque
618 630 652 667 ex
665 614 717 667 hoc
731 616 794 682 ipso
809 630 937 669 sermone
951 617 1080 682 excerpta
1094 630 1167 668 esse:
1182 616 1273 682 itaque

342 697 446 751 accedit
461 698 564 752 iudicio
579 714 641 752 meo
657 699 800 766 utriusque
814 699 867 752 uiri
882 698 1037 751 doctissimi
1053 698 1209 751 auctoritas.
1231 695 1272 750 Si-

340 781 451 850 mulque
464 782 619 851 considera,
633 799 649 836 a
664 781 797 836 Possidio
810 782 864 851 ,De
877 784 1008 851 passione
1020 782 1128 836 domini
1141 782 1273 836 tractatus

340 865 422 918 duos‘
436 866 511 920 haud
524 881 602 920 secus
616 868 699 934 atque
711 868 739 920 in
753 869 853 921 nostro
864 866 958 920 codice
971 867 1071 919 notari.

376 964 452 1008 xxiii.
474 964 489 1007 l.
509 953 553 1006 41ν
568 964 678 1008 lNClPIT
697 963 840 1010 Tnacrnr
860 998 865 1010 .
883 964 922 1007 DE
941 963 1045 1008 ΝΟΕἙΕ
1063 962 1181 1010 sancta
1200 996 1205 1007 .
1229 962 1274 1006 Do*

399 1037 472 1081 minus
484 1039 559 1080 noster
570 1037 631 1080 lesus
642 1036 744 1084 Chtislus
754 1037 776 1079 in
787 1037 922 1091 plenitudine
934 1038 1038 1091 temporis
1049 1049 1089 1091 pro
1102 1037 1189 1080 aeterna
1198 1039 1274 1081 nostra

400 1106 470 1149 salute
488 1119 592 1161 passurus
607 1141 611 1150 .
625 1141 630 1150 .
645 1140 650 1149 .
666 1121 694 1150 ne
711 1108 817 1150 intremus
832 1109 854 1150 in
871 1108 1035 1162 temptationem
1050 1141 1054 1150 .
1070 1119 1151 1150 amen.
1170 1106 1252 1150 EXPLl
1267 1140 1272 1150 .

339 1215 340 1228 2
400 1180 542 1226 TRacrnn
555 1217 560 1226 .
575 1181 615 1224 DE
627 1179 730 1227 NOCTE
742 1181 862 1224 SANCTA
875 1216 880 1226 .
894 1183 902 1225 l
916 1213 922 1225 .

402 1256 498 1311 Breuis
518 1258 629 1326 quidem
649 1261 676 1312 et
695 1259 813 1328 simplex
831 1274 918 1327 eaque
938 1258 1043 1312 inedita
1061 1257 1193 1327 allocutio
1211 1272 1272 1311 cum

340 1341 453 1409 reliquis
468 1342 642 1396 sermonibus
657 1342 692 1396 ab
706 1341 865 1415 Augustino
877 1344 918 1413 ,in
930 1343 1036 1412 uigiliis
1051 1340 1182 1396 Paschae‘
1196 1340 1273 1396 habi·

338 1427 384 1492 tis,
402 1427 429 1479 in
447 1426 542 1493 primis
560 1426 613 1480 219
629 1426 811 1493 conferenda3
829 1442 884 1495 qua
900 1443 935 1481 ex
950 1428 1148 1494 conparatione
1165 1440 1272 1479 necnon

340 1526 374 1563 ex
389 1509 456 1564 locis
471 1526 565 1564 sacrae
580 1512 731 1578 scripturae
746 1511 848 1564 adlatis
862 1527 923 1565 eam
939 1526 1049 1579 quoque
1063 1527 1096 1564 ex
1110 1509 1273 1563 beatissimo

339 1595 400 1649 uiro
415 1594 569 1662 protectam
583 1611 645 1648 esse
660 1594 727 1648 nihil
742 1595 850 1650 dubito.

370 1698 446 1744 XXIV.
468 1698 482 1742 l.
504 1699 532 1741 ’42
552 1697 663 1742 INClPlT
683 1698 763 1745 TR'AC
777 1731 782 1741 .
797 1698 837 1741 DE
856 1698 960 1743 NOCTE
979 1697 1097 1741 SANCTA
1110 1730 1115 1740 .
1130 1698 1148 1741 ll
1163 1694 1193 1749 ,Ἰ
1205 1684 1252 1740 l2V
1268 1697 1273 1750 Ι

399 1770 511 1820 Quoniam
521 1770 625 1814 dominus
637 1771 714 1816 noster
726 1772 787 1814 lesus
801 1769 899 1813 Christus
915 1771 972 1813 diem
985 1782 1051 1825 quem
1064 1769 1145 1813 iecerat
1157 1768 1273 1813 moriendo

398 1842 535 1889 luctuosum.
543 1844 608 1897 ..qui
626 1846 724 1887 mortuus
742 1845 777 1887 est
794 1845 819 1886 ut
835 1844 1045 1886 uideremusamen
1053 1876 1058 1885 .
1067 1842 1149 1885 EXPLl
1160 1875 1166 1885 .
1176 1840 1273 1887 TRAC.

338 1914 340 1918 ’
399 1915 439 1957 DE
452 1914 555 1958 NOCTE
567 1915 687 1958 SANCTA
700 1950 705 1961 .
719 1916 737 1958 ll
752 1949 757 1959 .

401 1991 542 2060 Propositi
561 1994 603 2046 sui
622 2008 684 2045 esse
702 1993 806 2046 indicat
824 1996 926 2059 orator,
945 1995 975 2046 ut
993 1994 1078 2059 ‚prius
1096 1991 1131 2044 de
1149 1991 1273 2059 generali

339 2076 443 2143 uigilia,
461 2078 560 2143 postea
576 2076 611 2129 de
629 2077 742 2144 speciali
759 2077 903 2144 hodierna,
921 2093 991 2144 quae
1007 2077 1137 2129 dominus
1155 2075 1273 2142 dederit,

339 2175 426 2226 pauca
439 2160 530 2214 dicat‘.
542 2159 629 2227 <Atqui
642 2160 779 2227 prolixum
792 2160 980 2227 fragmentum
990 2159 1027 2212 de
1040 2159 1153 2226 speciali
1165 2160 1273 2213 ratione

339 2243 478 2311 paschalis
489 2245 602 2311 uigiliae
612 2244 768 2312 Eugippius
776 2243 941 2312 ,Excerptis‘
954 2245 1011 2297 suis
1023 2260 1045 2298 c.
1054 2242 1132 2297 CXX
1147 2240 1196 2312 (al.
1206 2241 1272 2312 135)

339 2329 462 2395 inseruit,
475 2329 550 2396 quod
561 2331 589 2382 et
600 2329 723 2382 Maurini
734 2330 774 2383 uti
786 2345 942 2382 sermonem
954 2327 1103 2395 Augustini
1115 2329 1164 2381 221
1179 2329 1273 2395 protu-

340 2411 438 2466 lerunt.
459 2411 544 2476 Quod
558 2412 669 2480 quidem
683 2412 870 2480 fragmentum
884 2414 945 2480 ipsa
958 2415 1000 2466 est
1013 2412 1148 2466 orationis
1161 2414 1274 2465 nostrae

339 2496 421 2549 liuius
433 2497 518 2549 altera
530 2513 602 2564 pars,
615 2513 682 2565 pars
690 2513 757 2550 uero
769 2499 846 2565 prior
856 2497 981 2549 nondum
993 2498 1021 2548 in
1032 2497 1120 2549 lucem
1131 2496 1206 2548 edita
1218 2497 1271 2548 est:

339 2582 370 2633 ut
387 2596 475 2647 neque
492 2581 536 2634 hic
553 2582 634 2648 desit,
653 2582 699 2648 qui
717 2597 838 2649 sponsor
855 2583 909 2634 iam
927 2581 991 2633 inde
1010 2581 1162 2647 antiquitus
1180 2579 1274 2648 appel-

340 2665 419 2732 letur,
435 2680 496 2718 cum
512 2666 572 2733 ipse
589 2682 619 2719 se
635 2667 770 2719 sermoni
787 2668 901 2734 propria
918 2665 1112 2733 Hipponensis
1129 2665 1217 2719 fetum
1233 2667 1274 2719 in·

339 2749 496 2802 dubitatum
510 2750 619 2817 prodat.

369 2846 435 2890 XXV.
451 2846 466 2889 f.
482 2847 509 2889 44
524 2846 634 2889 lNClPlT
648 2846 828 2893 TRACTATUS
843 2847 883 2891 DE
897 2846 1001 2890 NOCTE
1014 2845 1133 2889 SANCTA
1146 2878 1151 2889 .
1165 2847 1193 2888 lll
1209 2879 1213 2888 .
1229 2845 1273 2889 θοι.

397 2919 471 2961 {minus
495 2920 569 2961 noster
592 2919 652 2962 lesus
677 2918 778 2964 Christus
800 2919 898 2974 passioni
921 2918 1105 2973 proxim‘us.ubi
1128 2931 1169 2973 pro
1191 2917 1273 2962 debitis

337 3016 338 3024 κ
396 2991 497 3036 nostris.
512 3023 536 3035 ..
551 2991 590 3034 sed
611 2992 661 3046 quia
680 2992 732 3036 uicit
751 2992 786 3035 leo
801 3024 805 3033 .
818 2992 893 3034 ueniet
912 2991 1007 3035 iudicare
1028 2990 1092 3035 uiuos
1112 2991 1135 3033 et
1152 2992 1271 3038 mortuos.

336 3053 338 3114 j
396 3076 462 3106 *amen
475 3098 480 3109 .
495 3063 577 3106 exon
592 3097 596 3107 .
611 3063 752 3109 macrae
765 3097 770 3107 .
785 3064 825 3107 oe
840 3063 944 3107 nocie
958 3062 1077 3106 sancia
1090 3096 1095 3106 .
1109 3062 1137 3106 111
1152 3096 1157 3105 .

399 3140 477 3194 Haec
499 3156 608 3208 quoque
629 3143 709 3194 tertia
730 3141 765 3194 de
786 3141 891 3209 uigiliis
912 3133 1224 3209 paschae'oratiuncula
1244 3142 1272 3195 et

337 3227 416 3292 grata
430 3226 554 3279 nouitate
567 3226 594 3277 et
607 3224 827 3292 ‘Augustinianae
840 3226 1015 3293 eloquentiae
1029 3240 1129 3292 sapore
1143 3225 1269 3292 insignis,

338 3327 387 3362 nec
403 3309 554 3377 quidquam
570 3308 605 3363 ab
621 3308 703 3362 huius
718 3324 770 3363 usu
784 3326 816 3362 ac
831 3309 1032 3363 consuetudine
1046 3307 1185 3363 dissident
1201 3323 1271 3376 quae

338 3411 372 3448 ex
390 3397 507 3463 utroque
527 3395 694 3449 testamento
715 3394 865 3448 laudantur
883 3394 1051 3448 testimonia.

335 3512 388 3566 Vlll
