2819 4040
469 323 510 363 Vii.
524 324 554 362 De
566 323 663 364 dominica
675 326 753 365 sanctae
766 325 854 365 Paschae

199 450 319 518 expedit,
335 453 366 505 ut
380 466 490 519 semper
505 452 541 503 sit
556 450 685 506 dominus
701 454 853 520 nobiscum,
870 453 934 521 quia
949 452 1009 505 sine
1025 449 1075 504 ilio
1091 450 1131 502 ni-

167 545 190 583 05
199 532 237 586 hii
249 549 352 589 sumus.
367 533 454 597 Quod
466 536 557 588 autem
569 537 662 588 sonuit
673 539 701 590 in
712 537 824 591 auribus
836 538 945 603 uestris,
958 536 1051 590 uidete
1063 533 1131 602 quid

199 616 297 671 dicatis
308 619 345 671 ad
355 619 442 671 altare
452 617 507 671 dei.
526 617 730 686 interrogamus
741 623 814 675 enim
825 620 1033 689 quodammodo
1044 621 1072 673 et
1082 617 1130 672 ad-

199 716 350 768 monemus
368 704 395 754 et
411 701 539 754 dicimus:
556 700 684 756 Sursum
700 721 762 759 cor.
786 705 882 758 Nolite
899 706 999 758 iusum:
1017 720 1065 758 cor
1080 718 1130 771 pu-

197 786 292 838 trescit
305 787 332 838 in
345 788 426 852 terra,
441 786 531 837 leuate
544 774 615 838 iilud
628 787 656 840 in
669 788 782 843 caelum.
802 787 857 842 Sed
871 804 926 856 quo
940 803 1049 842 sursum
1062 788 1129 842 cor?
1154 796 1217 826 susm
1228 804 1260 828 tor·

198 868 468 935 qurdrespondet1s⁹
479 882 534 935 quo
542 883 649 922 sursum
657 872 722 925 cor?
733 870 895 924 Habemus
906 871 945 924 ad
956 873 1126 925 dominum

165 952 293 1018 roipsum
312 954 385 1004 enim
405 967 513 1005 sursum
533 968 589 1019 cor,
610 954 760 1022 aliquando
781 955 948 1009 bonumt
905 958 948 1008 est
949 955 1127 1023 aliquando
1135 968 1214 998 Habemus
1223 967 1242 997 ad
1252 967 1280 997 do-

197 1035 299 1088 malum
314 1039 364 1089 est
384 1033 537 1099 Quomodo
552 1037 653 1090 maium
667 1041 721 1092 est.
698 1039 728 1091 t?
750 1038 780 1091 ln
795 1039 838 1090 his
852 1038 962 1105 malum,
977 1039 1012 1091 de
1027 1038 1126 1105 quibus
1174 1015 1239 1045 mmm

197 1119 300 1172 dicum
320 1121 373 1173 est:
395 1118 552 1173 Deiecisti
572 1137 638 1189 eos
658 1123 731 1176 dum
751 1122 992 1177 extttolierent.ur
1013 1122 1126 1176 Sursum

196 1219 252 1269 cor,
270 1205 293 1256 si
310 1220 365 1257 non
383 1205 419 1257 sit
436 1204 472 1257 ad
489 1204 639 1273 dominum,
657 1223 712 1260 non
729 1210 771 1259 est
788 1208 901 1271 iustitia,
919 1206 969 1258 sed
985 1206 1125 1273 superbia;

197 1287 261 1340 ideo
275 1302 335 1340 cum
348 1288 508 1356 dixerimus,
522 1286 635 1343 Sursum
648 1306 703 1358 cor,
718 1292 782 1358 quia
796 1289 886 1343 adhuc
898 1304 1006 1342 sursum
1019 1305 1066 1342 cor
1078 1305 1127 1357 po-

163 1389 187 1426 75
195 1373 250 1424 test
262 1387 323 1425 esse
336 1372 490 1440 superbiae,
503 1388 555 1426 uos
568 1375 753 1442 respondetis,
768 1374 913 1427 Habemus
926 1372 962 1425 ad
975 1372 1125 1426 dominum.

198 1454 274 1522 Ergo
291 1456 418 1522 dignatio
435 1458 485 1523 cst,
503 1473 559 1509 non
576 1457 672 1511 elatio:
690 1460 718 1510 et
735 1458 799 1524 quia
812 1459 858 1509 est
875 1457 928 1509 ista
945 1456 1080 1522 dignatio,
1098 1458 1127 1508 ut

196 1552 304 1591 sursum
319 1554 367 1591 cor
381 1539 531 1592 habeamus
547 1540 583 1592 ad
594 1540 750 1607 dominum,
766 1556 818 1592 nos
834 1538 904 1592 illud
920 1539 1055 1591 fecimus?
1076 1554 1126 1591 nos

196 1624 336 1689 potuimus
348 1622 383 1676 de
394 1623 500 1676 uiribus
512 1625 633 1679 nostris?
644 1627 754 1691 terram,
766 1624 842 1691 quod
854 1638 971 1689 eramuS,
983 1623 1010 1675 in
1022 1621 1126 1675 caelum

195 1707 367 1761 leuauimus?
386 1707 479 1761 Absit:
494 1710 553 1775 ipse
568 1709 642 1775 iecit,
657 1711 716 1776 ipse
731 1709 863 1775 dignatus
877 1710 928 1773 est,
942 1709 1002 1775 ipse
1022 1720 1126 1758 manum

161 1792 277 1859 aomisit,
300 1794 360 1859 ipse
380 1794 497 1859 gratiam
520 1808 598 1845 suam
621 1794 752 1861 porrexit,
776 1794 835 1859 ipse
858 1791 934 1859 quod
957 1793 1047 1844 iusum
1069 1794 1127 1844 erat

193 1891 302 1929 sursum
321 1877 394 1930 fecit.
420 1877 487 1930 ideo
505 1893 566 1930 cum
584 1878 744 1943 dixerimus,
763 1875 877 1929 Sursum
895 1891 950 1942 cor,
969 1878 996 1928 et
1013 1891 1127 1943 respon·

192 1959 273 2011 derit
253 1961 297 2026 t,rs
307 1959 451 2013 Habemus
464 1961 500 2013 ad
508 1961 659 2027 dominum
668 1976 702 2013 ne
710 1959 792 2013 uobis
803 1960 931 2012 tribuatis
943 1960 1007 2026 quia
1017 1974 1126 2012 sursum

192 2059 240 2096 cor
246 2043 338 2096 habe
331 2060 363 2110 rs,
372 2044 496 2097 adiunxi:
508 2044 589 2098 Grat
577 2043 993 2111 tiasagamusdominodeo
1005 2046 1123 2097 nostro
1132 2061 1194 2140 ⁰³2⁵,
1233 2071 1276 2093 mu

194 2127 250 2180 ista
268 2129 332 2180 sunt
348 2129 478 2195 mysteria
495 2128 599 2194 breuia,
617 2127 667 2180 sed
685 2143 797 2194 magna:
818 2127 914 2179 breuia
931 2127 1056 2193 dicimuS,
1074 2111 1189 2179 sed‘¹¹¹¹⁰
1173 2112 1244 2189 ,2¹¹me

160 2231 184 2267 85
192 2227 292 2277 magna
308 2210 423 2264 affectu
439 2211 505 2264 Cito
520 2213 593 2264 enim
608 2211 675 2263 haec
690 2212 772 2264 uobis
788 2211 862 2263 dicit
843 2214 879 2263 rs
887 2207 930 2281 ΙΙε
945 2211 1004 2263 sine
1019 2211 1122 2276 codice,
1132 2225 1165 2263 for.
1179 2226 1199 2262 51

191 2297 218 2347 et
232 2295 291 2347 sine
305 2295 431 2361 lectione,
446 2296 505 2347 sine
520 2295 604 2361 longa
618 2296 816 2362 disputatione.
835 2294 1059 2348 Commemorate
1072 2310 1123 2347 uos

191 2380 267 2445 quod
287 2380 362 2445 estiS,
381 2381 409 2431 et
428 2381 455 2431 in
475 2395 530 2446 quo
549 2376 728 2446 perseuerare
746 2379 863 2446 debetis,
883 2382 913 2432 ut
931 2379 968 2432 ad
987 2380 1123 2446 promissa

191 2463 236 2514 dei
254 2464 398 2529 peruenire
414 2464 538 2530 possitis.
613 2507 615 2513 r
1095 2484 1096 2488 ¹

251 2675 260 2715 1
273 2674 328 2717 Vide
339 2674 432 2719 Praeiat.
441 2674 471 2723 ad
481 2688 502 2718 n.
511 2675 578 2717 XXX.
599 2675 613 2716 b
626 2674 666 2728 nel
676 2675 747 2729 suppl.
757 2687 774 2717 s.
785 2675 798 2718 i.
822 2675 849 2716 12
857 2674 927 2728 quod
937 2674 1023 2728 modo]
1032 2674 1124 2723 conieci;

190 2746 321 2800 quomodo
338 2746 365 2791 G.
396 2748 423 2789 24
440 2759 514 2801 quem
532 2747 684 2799 ammodum,
702 2749 726 2789 ut
742 2746 833 2799 adsolet,
851 2746 878 2790 G.
908 2748 936 2789 26
952 2746 1122 2798 ambulemus]

190 2818 252 2864 Rom.
270 2820 290 2871 b,
304 2820 323 2862 4,
353 2820 381 2861 32
398 2819 494 2873 sumus]
512 2820 520 2860 1
539 2819 590 2862 Cor.
609 2820 642 2872 10,
661 2821 692 2861 17.
721 2820 749 2862 33
767 2819 917 2873 Appendite
935 2819 1024 2872 uerba,
1041 2818 1122 2863 nolite

188 2890 333 2944 numerare}
345 2890 373 2936 cf.
386 2890 453 2935 Serm.
467 2892 515 2943 237,
528 2904 548 2933 n¹
560 2893 584 2933 4:
599 2891 664 2946 ,Noio
676 2903 784 2943 numeres,
796 2891 864 2933 uerba
876 2891 992 2946 appendc‘.
1018 2892 1046 2933 40
1059 2904 1124 2933 men·

188 2963 232 3005 bra
247 2962 278 3013 G;
298 2964 306 3005 1
321 2962 372 3008 Cor.
389 2964 421 3016 12,
437 2965 470 3007 27.
497 2965 521 3005 41
539 2963 717 3017 subscribitis,
732 2964 837 3017 quando
852 2963 931 3006 Amen
945 2962 1121 3018 respondetisl

188 3035 215 3080 ci.
230 3036 298 3078 Serm.
313 3037 364 3078 272:
379 3036 420 3089 ,nd
434 3036 456 3077 id
470 3036 530 3090 quod
545 3036 604 3088 estis,
619 3036 689 3078 Amen
703 3034 848 3089 respondetis,
863 3037 885 3079 et
899 3035 1055 3089 respondendo
1071 3034 1122 3078 sub‘-

188 3108 296 3152 scribitis‘.
326 3109 353 3150 46
371 3120 403 3161 sq.
421 3115 636 3162 consparsura...
660 3108 772 3161 coctura}
790 3109 887 3151 neutrius
905 3107 1005 3150 uocabuli
1021 3108 1121 3161 exempla

189 3193 217 3223 ex
229 3181 352 3235 Augustino
364 3179 451 3222 adducit
462 3191 533 3221 nouus
546 3178 671 3222 Thesaurus
683 3179 773 3232 linguae
783 3179 868 3224 latinae.
893 3181 920 3222 53
933 3178 1013 3232 utilis]
1024 3179 1046 3220 in
1058 3177 1123 3220 utile

188 3255 244 3306 posi.
262 3265 376 3307 perperam
392 3253 466 3294 mutat.
483 3253 573 3305 propter
587 3263 665 3293 uocem
681 3263 739 3305 quae
754 3252 860 3306 sequitur.
889 3252 916 3293 54
933 3249 1122 3302 tribulationis]

187 3325 249 3368 Eccli.
258 3326 292 3376 27,
301 3326 321 3367 6.
356 3324 385 3366 64
400 3325 459 3378 quia
474 3325 529 3366 sine
544 3323 590 3366 illo
605 3322 671 3366 nibil
685 3323 782 3376 sumus}
798 3324 825 3366 ci.
843 3324 877 3367 De
892 3324 955 3366 trinit.
971 3323 1073 3374 iib.14,c.
1088 3323 1121 3373 12,

187 3410 208 3441 n.
224 3398 261 3441 16:
275 3398 329 3451 ,Nec
341 3399 388 3452 ipse
402 3409 451 3440 cum
464 3396 567 3439 omnibus
582 3407 609 3438 eo
623 3395 691 3438 modo
705 3407 750 3450 quo
763 3396 863 3449 dicimus,
879 3395 986 3440 Dominus
1000 3394 1121 3437 uobiscum.

1086 3506 1121 3560 27
