2819 4040
495 323 524 362 De
537 323 634 363 dominica
646 324 734 364 oratione

152 445 258 516 damus,
272 448 309 502 de
322 450 399 503 cuius
414 450 519 518 demus,
535 453 708 509 inueniemns
721 464 772 506 nos
786 450 997 520 dispensatores
1012 464 1082 514 esse,

108 547 208 586 125n0n
225 547 413 599 possessores.
433 534 539 589 Damus
558 538 631 590 enim
650 553 748 606 panem
767 538 907 604 esurienti,
928 550 1009 603 quem
1028 534 1082 586 nisi
1106 551 1218 582 panonn-

151 618 343 684 acceperimus,
367 618 434 670 dare
456 635 512 672 non
534 636 696 687 possumus:
725 622 823 675 damus
846 624 942 689 potum
967 618 1080 685 sitienti,
1089 599 1234 684 fflf'iffi

151 715 232 766 quem
244 701 297 752 nisi
309 703 500 769 acceperimus,
512 703 579 756 dare
591 720 647 757 non
658 721 817 773 possumus:
829 706 927 759 damus
939 719 1081 759 nummum
1098 697 1117 727 ‘¹‘
1125 705 1154 728 ⁵¹¹⁰
1163 697 1227 727 “m

151 784 296 852 indigenti,
316 800 396 852 quem
415 787 468 838 nisi
488 790 679 855 acceperimus,
698 789 766 842 dare
785 806 840 842 non
860 804 1016 857 possumus.
1035 785 1080 841 'An

151 867 273 920 dicturus
295 884 333 934 es,
353 869 387 921 de
408 885 470 921 meo
490 869 547 923 do?
568 869 793 937 Respondebitnr
811 873 862 925 tibi
883 874 916 926 ab
938 871 1080 940 apostolo:

107 964 142 1003 rao
151 951 228 1005 Nihil
245 953 273 1005 in
289 953 372 1006 istum
388 952 521 1014 mundum
538 955 664 1022 intulisti,
682 956 745 1022 quia
761 973 795 1009 ex
810 959 887 1009 utero
905 959 1000 1010 matris
1015 961 1079 1010 tuae

150 1035 241 1089 nudus
259 1037 348 1090 existi.
372 1035 401 1089 Si
419 1036 509 1090 nudus
527 1053 561 1090 ex
576 1042 655 1092 utero
672 1041 767 1092 matris
784 1042 873 1106 existi,
891 1043 917 1094 et
934 1043 1027 1094 omnia
1044 1041 1079 1094 ab

150 1119 201 1173 illo
217 1121 294 1173 cuius
311 1123 375 1174 sunt
392 1122 485 1174 omnia
503 1123 639 1189 accepisti,
657 1124 712 1175 iam
728 1123 793 1176 uide
810 1125 833 1176 si
850 1123 884 1175 de
901 1127 949 1177 tuo
967 1125 1025 1190 daS,
1043 1140 1078 1177 an

150 1205 243 1271 potius
255 1204 310 1257 deo
321 1205 356 1257 de
368 1219 419 1259 suo
432 1205 551 1259 feneras
565 1204 609 1258 Da
621 1221 697 1273 ergo,
708 1208 740 1259 ut
752 1207 879 1274 accipias:
892 1224 954 1260 nam
967 1209 1012 1275 qni
1024 1207 1078 1260 deo

149 1288 216 1342 dare
238 1289 394 1356 noluerunt,
415 1291 509 1343 omnia
530 1291 718 1358 perdiderunt.
742 1290 798 1355 Qui
821 1294 910 1345 autem
932 1293 1079 1345 audierunt

106 1375 296 1428 rasconsilium
311 1374 417 1429 domini
433 1376 484 1442 sui,
499 1377 530 1429 ut
546 1391 601 1429 non
616 1375 767 1429 conderent
781 1375 938 1429 thesaurum
954 1378 981 1429 in
996 1380 1077 1443 terra,

149 1458 199 1512 sed
210 1459 340 1527 migraret
349 1458 385 1512 ad
395 1459 509 1526 caelum,
520 1474 655 1527 pauperes
667 1458 772 1513 Christi
782 1461 921 1526 tamquam
930 1459 1077 1513 laturarios

149 1542 244 1595 mundi
256 1545 451 1610 onerauerunt,
463 1544 490 1595 et
502 1559 551 1611 per
563 1559 611 1596 eos
625 1542 661 1595 ad
672 1542 778 1595 caelum
791 1558 860 1608 quae
873 1543 900 1594 in
912 1544 984 1595 terra
996 1543 1078 1595 hahe-

148 1626 216 1681 bant
233 1628 444 1681 transtulerunt:
463 1627 581 1680 feliciter
599 1629 695 1694 securi,
715 1628 761 1694 qui
780 1628 807 1679 et
825 1627 878 1693 ipsi
897 1625 952 1678 illic
970 1642 1077 1694 semper

148 1713 227 1764 erunt
243 1713 374 1778 mansuri,
390 1709 417 1764 et
433 1711 509 1778 qnod
526 1710 592 1764 illuc
606 1705 818 1764 transmiserunt
834 1724 981 1776 numquam
998 1710 1077 1763 amis-

105 1808 140 1847 no
148 1795 212 1848 suri.

206 1879 231 1933 8,
242 1877 367 1932 Alterum
376 1894 465 1946 genus
476 1881 652 1947 elemosynae
661 1882 705 1935 est
714 1879 742 1932 in
752 1878 833 1932 dimit
841 1874 853 1948 ΙΙ
863 1877 949 1932 tendo
959 1880 1076 1945 peccata,
1085 1890 1118 1927 ror.
1131 1890 1154 1927 ar

145 1965 183 2030 ut,
201 1964 224 2016 si
241 1965 302 2031 quis
318 1966 345 2017 te
361 1964 450 2031 laesit,
467 1965 526 2017 siue
544 1965 672 2031 indicto,
689 1965 748 2017 siue
765 1965 792 2016 in
809 1964 894 2030 lacte,
911 1964 935 2015 ei
951 1962 1076 2015 dimittas

146 2063 180 2100 ex
189 2048 284 2113 corde;
297 2050 327 2101 ut
339 2048 425 2101 libere
437 2066 452 2101 a
462 2048 518 2101 deo
530 2052 617 2116 peta-s,
631 2048 707 2115 quod
715 2050 774 2115 ipse
783 2048 901 2101 libenter
912 2057 1074 2113 <e>rogasz

148 2131 290 2184 Hilarem
303 2134 384 2185 enim
397 2132 542 2185 datorem
554 2131 664 2199 diligit
676 2133 763 2185 dene.
778 2130 855 2185 Dicis
868 2131 930 2197 de0,
944 2129 1076 2185 Dimitte

104 2216 251 2282 arnonis,
274 2217 356 2269 sicut
375 2218 406 2270 et
427 2232 484 2269 nos
506 2217 699 2269 dimittimus
721 2215 925 2268 debitoribus
946 2216 1075 2268 nostris.

145 2299 251 2367 Magna
270 2299 375 2353 fiducia
394 2301 522 2367 petentiS,
543 2302 589 2367 qui
609 2300 685 2367 facit,
705 2302 731 2352 et
751 2301 791 2352 sic
808 2300 887 2366 petit:
908 2299 985 2351 illum
1004 2298 1076 2351 enim
1146 2297 1148 2301 ’

147 2384 312 2451 interpellat,
328 2385 373 2451 qui
387 2385 570 2437 conscientias
585 2384 695 2437 iudicat.
712 2382 834 2447 Quando
849 2384 921 2435 enim
936 2385 962 2434 te
976 2382 1077 2435 uiderit

145 2466 269 2519 fideliter
281 2467 532 2534 obsecra<n>tem,
546 2469 649 2520 senties
662 2484 723 2520 enm
736 2468 922 2535 pretiosorum
935 2481 1076 2519 muncrum

146 2551 318 2619 largitorem:
338 2554 368 2605 ut
386 2553 409 2605 is
430 2553 476 2619 qui
496 2553 611 2605 dimittit
629 2555 676 2605 tua
695 2554 814 2620 peccata,
834 2553 963 2618 protegat
981 2554 1007 2603 te
1027 2565 1076 2603 sna

102 2649 137 2687 150
145 2636 342 2703 misericordia,
354 2638 439 2688 necte
451 2636 535 2689 faciat
546 2636 637 2689 induci
649 2638 676 2688 in
687 2638 906 2703 temptationem,
918 2634 968 2687 sed
979 2634 1076 2686 liberet

144 2721 171 2772 te
194 2737 209 2772 a
229 2720 312 2773 malo
337 2720 367 2772 ln
387 2721 598 2786 temptationem
620 2736 675 2772 non
697 2720 844 2785 induceris,
866 2718 977 2785 qnando
1000 2718 1074 2770 nulla

143 2804 325 2870 temptatione
346 2804 476 2867 uincens,
497 2820 512 2855 a
533 2803 606 2855 malo
628 2801 762 2869 liberaris,
785 2802 897 2869 quando
919 2818 934 2854 a
954 2801 1074 2868 pertidia

144 2888 290 2954 separaris.
308 2886 343 2939 Et
356 2886 410 2938 boc
423 2902 490 2953 ergo
506 2887 632 2954 petimus
648 2889 674 2939 et
689 2886 889 2939 instantissime
904 2887 1029 2953 petimus,
1044 2887 1074 2938 ut

144 2970 292 3024 liberemur
306 2988 322 3023 a
335 2971 417 3025 malo
433 2970 573 3023 Nlnndus
588 2971 660 3023 enim
674 2972 705 3023 in
720 2971 862 3037 maligno
877 2972 1002 3036 positus
1017 2972 1073 3022 est.

101 3064 135 3102 155
145 3054 213 3108 Ecce
232 3055 358 3107 saeuiunt
375 3054 455 3121 mala,
474 3057 501 3107 et
518 3056 633 3122 pereunt
650 3069 664 3107 e
680 3054 787 3106 ‘mundo
805 3053 951 3106 dilectores
970 3053 1072 3106 mnndi.

146 3137 351 3205 Blasphemant,
377 3139 526 3204 insaniunt,
549 3138 683 3192 aduersus
707 3137 790 3190 deum
814 3139 993 3202 murmurant:
1018 3152 1074 3189 non
1107 3157 1202 3211 brainam

143 3222 233 3274 solum
246 3223 305 3275 eius
316 3221 533 3274 misericordiam
545 3237 600 3274 non
611 3221 802 3288 deprecantur,
814 3237 909 3274 uerum
921 3221 1002 3273 etiam
1014 3221 1073 3273 eius
1088 3205 1144 3284 ¹¹¹ssssssss
1152 3212 1220 3284 {ffl'

143 3306 244 3359 iudicia
266 3306 478 3373 reprehendunt.
499 3305 570 3369 Quis
593 3308 620 3358 in
642 3307 682 3359 eis
703 3307 771 3359 talia
792 3308 929 3374 operatur,
955 3302 1001 3355 nisi
1028 3305 1075 3358 ille
1126 3302 1181 3332 num.

143 3394 237 3445 auctor
255 3391 320 3444 mali
337 3390 452 3459 angelus
470 3389 606 3458 superbus
624 3390 749 3458 perditus
767 3393 793 3444 et
810 3390 924 3461 perdere
943 3391 1076 3457 cupiens?

1026 3509 1076 3562 185
