2819 4040
445 320 476 360 lli.
489 320 550 360 Index
562 321 667 362 uerborum
681 324 701 362 et
713 322 845 363 elocutionum

88 470 90 472 -
179 449 301 490 metathesis:
318 445 437 490 carimonias
451 459 487 497 pro
503 446 626 502 acrimonia,

209 519 320 564 heruiatur
333 533 370 571 pro
383 518 499 562 breuiatur.

178 593 281 636 militare:
309 590 351 634 hoc
377 592 450 634 totum·
475 592 626 636 resurrectioni

208 663 315 707 militabat
328 664 361 718 12,
371 663 391 706 8.

178 736 333 780 ministerium:
342 734 410 778 satiat
417 734 513 789 angelos
522 737 544 779 et
552 738 626 779 omnia

209 807 311 850 caelestia
325 806 444 850 ministeria
459 807 478 861 1,
486 808 518 850 26.

179 879 307 934 ministrare,
335 893 350 920 c.
372 891 421 920 acc:
443 878 572 923 ministrabit
587 892 627 923 eos

209 953 303 1006 29,178.

179 1025 280 1068 miscere:
301 1023 407 1067 miscendi
427 1025 480 1068 estis
501 1025 566 1068 h'odie
588 1036 627 1067 nu·

209 1109 270 1139 mero
280 1096 412 1151 populorum
423 1098 456 1151 18,
466 1098 504 1149 45;
516 1097 543 1141 ct.
555 1096 626 1141 Praei.

208 1169 291 1220 XVlll;
310 1168 365 1223 Deo,
380 1168 467 1212 Christo
482 1170 566 1212 misceri
581 1168 626 1223 A2,

189 1243 228 1286 ·5.
242 1242 261 1285 8.
274 1243 294 1285 9.
308 1242 341 1285 23.
354 1242 388 1284 81.

178 1313 348 1357 munimentum:
366 1314 440 1357 matris
455 1314 558 1358 ecclesiae
566 1315 599 1368 25,
606 1314 626 1357 3.

178 1470 192 1500 n
206 1472 242 1510 pro
256 1470 289 1502 m:
303 1459 394 1502 menbra
407 1465 469 1502 const.

178 1542 193 1572 n
206 1532 290 1573 redund:
304 1531 406 1586 uincerat,
418 1534 514 1588 strange.

177 1613 242 1644 nom:
260 1601 626 1663 obsecratem,saguinem,trasisti.

178 1673 293 1732 nauifraga
310 1688 364 1718 saxa
382 1676 414 1730 11,
424 1676 457 1718 93.

178 1747 284 1790 nauiuora
296 1759 380 1802 uorago
393 1749 426 1803 11,
439 1749 473 1791 94.

178 1831 219 1862 nec
230 1833 266 1871 pro
277 1830 317 1863 ne:
332 1821 366 1875 31,
377 1821 415 1871 673
431 1819 480 1871 A9,
493 1820 534 1862 254
547 1819 596 1862 adn.

177 1893 271 1949 negator
284 1894 303 1947 2,
314 1893 353 1944 5u;
370 1893 403 1944 23,
417 1894 451 1935 39.
465 1892 498 1935 65.

178 1963 242 2006 nidor
255 1963 274 2006 A
287 1966 306 2019 2,
321 1965 367 2007 167.
382 1965 429 2008 185.

178 2035 241 2079 nobis
255 2050 291 2087 pro
304 2035 368 2078 bonis
382 2037 416 2091 28,
427 2036 468 2078 274
481 2035 530 2079 adn.

178 2119 222 2149 non
235 2109 310 2149 abund:
325 2109 358 2163 27,
372 2109 405 2150 87.

177 2191 222 2222 non
236 2193 278 2221 om:
292 2182 311 2234 5,
323 2182 363 2232 923
381 2181 413 2232 18,
427 2181 446 2223 5.
459 2181 496 2232 60;
513 2180 546 2232 24,
560 2180 593 2222 71,

178 2263 222 2294 non
235 2265 272 2302 pro
280 2254 357 2296 noster
368 2252 386 2306 1,
398 2253 438 2295 109
447 2251 503 2304 adn;
512 2266 548 2304 pro
557 2252 626 2295 nostri

206 2325 241 2377 32,
250 2325 293 2367 385
304 2323 358 2376 adn;
368 2338 405 2376 pro
416 2336 474 2367 nunc
482 2325 516 2377 32,
525 2325 564 2366 331
577 2323 626 2367 adn.

177 2395 275 2438 nondum
305 2416 327 2430 =
349 2400 387 2438 ianr
410 2409 459 2438 non:
502 2409 545 2439 non
568 2396 626 2439 enim

207 2468 339 2522 possideres,
354 2468 415 2523 quod
428 2468 526 2511 nondum
540 2468 627 2511 uideres

209 2539 295 2594 (caecus
307 2540 386 2595 iactus)
399 2542 432 2595 20,
444 2542 477 2583 50.

177 2611 286 2655 nubilare:
310 2625 354 2655 non
376 2611 518 2656 deuotionem
541 2612 627 2655 tristitia

207 2684 313 2727 nubilauit
326 2687 359 2739 30,
371 2686 418 2728 263.

178 2755 237 2798 nulla
250 2770 287 2807 pro
302 2756 360 2798 milia
375 2757 408 2811 15,
418 2758 443 2799 61
460 2757 510 2801 adn.

178 2828 255 2882 nullus,
270 2830 309 2870 dat.
324 2828 407 2871 nullae:
429 2829 500 2872 nullae
515 2829 625 2882 ecclesiae,

207 2900 259 2943 nulli
278 2900 361 2956 clerico,
380 2901 452 2944 nullae
470 2903 567 2945 sacratae
585 2902 626 2944 uir-

206 2972 259 3027 gini,
275 2972 347 3016 nullae
362 2974 461 3028 parceret
476 2975 557 3018 ciuitati
573 2975 592 3016 A
606 2976 625 3027 9,

207 3046 255 3089 177.

176 3190 285 3235 oblatrare
298 3193 331 3246 26,
344 3194 377 3235 63.

176 3265 261 3307 occisor
273 3266 292 3320 9,
305 3266 338 3309 68.

177 3336 238 3380 odire
250 3339 283 3392 27,
295 3338 346 3389 108;
356 3336 412 3381 odiit
423 3337 443 3380 A
453 3339 472 3391 2,
483 3339 516 3382 32,

176 3408 344 3454 odoramentum
357 3409 376 3452 A
387 3411 406 3466 2,
417 3411 463 3454 246.

666 447 820 492 odoratissima
834 446 900 491 arbor
914 447 947 501 26,
957 447 991 490 45.
1018 466 1019 470 =

666 533 744 564 omnes
758 536 795 574 pro
809 521 910 564 homines
924 522 958 575 29,
968 521 996 563 33
1012 518 1061 562 adn.

665 594 769 637 onustare
791 614 816 637 ,=
832 607 914 636 onerare
944 594 977 648 15,
988 592 1026 635 241
1049 594 1073 633 ci.
1090 593 1114 632 Η,

697 669 782 717 Rdnsch,
794 668 848 716 ,Itala
859 680 878 709 u.
890 669 988 719 Vulgata,
1001 680 1020 718 p.
1031 668 1073 707 167.
1115 701 1117 709 .

665 737 772 792 operaria,
786 739 847 778 subst.
866 739 900 790 28,
911 738 958 781 290.

666 809 779 852 ordinator
791 811 825 864 22,
836 810 882 853 191.

666 882 722 935 ouis,
738 894 802 923 masc:
816 893 879 933 oues,
897 881 933 936 qui
948 881 1062 923 dominum
1078 891 1115 936 ag·

697 953 818 997 noscebant
837 954 870 1008 17,
879 954 913 997 78.

666 1111 729 1152 ppro
742 1097 768 1141 b:
793 1099 899 1152 optestor,
920 1097 1037 1151 optinetur,
1060 1097 1116 1152 opti-

696 1169 770 1224 rantis,
783 1169 915 1223 optulerunt.

666 1254 681 1296 p
694 1255 730 1293 pro
743 1253 766 1284 c:
777 1241 876 1295 raptatis,
886 1242 1035 1295 ruptauerunt.

666 1327 737 1368 pom:
770 1312 878 1368 apellauit,
904 1312 980 1368 aplica,
1008 1314 1115 1367 proterea,

696 1385 818 1440 suplicium.

666 1461 779 1511 paratura:
812 1457 971 1511 protectionem
1005 1456 1115 1513 angelicae

696 1531 812 1585 paraturae
827 1529 847 1572 A
861 1530 938 1584 2,127.

666 1614 761 1656 parcere,
780 1617 795 1644 c.
813 1604 857 1644 nt:
875 1613 962 1656 parcam
980 1600 1116 1645 contundere

696 1673 744 1716 illos
758 1675 791 1728 28,
803 1675 849 1717 244.

666 1745 803 1799 participium
819 1744 899 1789 habere
912 1745 934 1788 A
948 1746 967 1800 6,
982 1747 1017 1789 45.

666 1819 780 1872 passinus:
798 1818 887 1861 alicuius
904 1820 963 1862 auari
980 1820 1062 1874 passiui
1079 1821 1117 1863 aut

626 1916 627 1920 ,
696 1890 861 1945 intemperantis
876 1890 896 1933 A
910 1891 987 1946 2,171.

666 1963 804 2016 pastoraliter
822 1964 855 2019 26,
866 1964 899 2007 67.

613 2069 614 2074 ,
665 2036 788 2089 percipere:
801 2036 923 2079 orationem
934 2034 956 2077 A
968 2037 989 2091 4,
998 2037 1018 2079 3.

614 2115 616 2118 ’
666 2109 826 2161 perpetratores
837 2108 955 2162 impietatis
966 2109 986 2163 2,
997 2108 1029 2151 19.

666 2180 776 2233 pertineo:
790 2180 894 2234 pertinuit
908 2180 936 2223 ad
949 2180 1116 2235 euangelistam,

696 2252 837 2294 renouaueris
852 2253 875 2295 in
890 2253 1017 2295 memoriam
1034 2253 1066 2308 15,
1077 2253 1116 2304 51;

697 2323 725 2366 ad
737 2326 835 2367 uestrum
847 2324 949 2367 iudicium
962 2324 1085 2379 pertinebit,
1097 2325 1116 2367 si

697 2397 729 2449 18,
740 2398 773 2441 97.

666 2468 830 2522 pestilentiosus
844 2471 879 2524 32,
891 2471 941 2522 390,
956 2471 1004 2514 392.
1019 2471 1066 2513 393.

666 2541 743 2595 pietas,
765 2545 818 2593 plur:
839 2544 863 2585 ut
883 2543 976 2596 pietates
997 2542 1116 2597 perficiat's

696 2614 730 2666 30,
741 2614 788 2657 261.

666 2683 752 2737 placere
766 2699 803 2737 pro
817 2684 902 2738 placare
918 2685 937 2727 A
951 2686 970 2740 9,
981 2687 1000 2730 8.
1011 2685 1051 2728 198
1065 2684 1114 2728 adn.

624 2776 626 2779 v
666 2769 732 2811 porro
745 2758 811 2813 longe
825 2759 857 2813 13,
867 2759 901 2802 67.

665 2833 764 2884 portare:
779 2831 873 2885 figuram
888 2834 968 2874 alicuius
984 2832 1015 2886 16,
1025 2833 1052 2874 48
1058 2846 1064 2884 ;
1083 2832 1115 2874 in·
1202 2826 1205 2834 '

696 2903 787 2946 lant1am
801 2904 834 2959 12,
844 2905 863 2947 6.

665 2976 769 3029 portitor:
789 2976 897 3018 sermonis
916 2975 936 3018 A
956 2977 974 3030 1,
984 2977 1018 3019 30.

665 3048 814 3102 portiuncula:
835 3050 857 3092 et
877 3061 918 3091 nos
938 3048 1044 3091 debemus
1064 3059 1115 3091 con-

696 3121 752 3165 ierre
773 3123 923 3177 portiunculas
941 3125 1029 3166 nostras
1048 3135 1115 3166 mem·

695 3193 740 3237 bris
753 3194 809 3238 illius
822 3197 856 3251 32,
866 3196 900 3239 91.
1114 3237 1115 3245 .

666 3269 742 3321 posset
756 3281 792 3319 pro
805 3269 880 3322 potest
894 3269 979 3323 27,107
993 3267 1042 3312 adn.
1114 3295 1116 3298 <

625 3353 626 3356 ¹
665 3343 717 3393 post
733 3354 770 3391 pro
785 3342 860 3395 potest
875 3341 960 3394 31,139
977 3341 1026 3383 adn.

582 3417 584 3420 '
619 3412 620 3416 ’
665 3411 781 3466 praebere:
794 3412 919 3468 symbolum
934 3413 953 3468 1,
963 3414 1011 3457 300,

1056 3520 1110 3575 247
