2819 4040
456 319 478 356 11.
492 319 553 359 index
566 321 667 360 nominum
681 323 701 361 et
713 332 777 361 rerum

150 442 208 487 tides
221 457 233 487 a
246 445 311 487 nobis
324 443 424 501 exigitur,
437 456 482 487 non
494 443 597 500 eloquen-
636 446 734 490 Graecos
746 446 860 502 apostolus
870 457 950 495 omnes
961 446 1040 502 gentes
1051 442 1083 485 di-

179 517 210 559 tia
220 517 252 571 19,
263 518 302 568 35;
312 528 357 559 non
367 517 401 559 est
410 527 514 572 magnum
522 516 596 561 uidere
648 517 649 522 ’
665 519 694 562 111
712 520 744 574 10,
762 520 795 563 67.

180 589 291 632 Christum
311 589 380 632 oculis
398 589 475 643 carnis,
495 589 535 632 sed
553 595 597 632 ma·
635 592 827 647 grammaticorum
842 591 923 634 ferulae
937 592 959 634 et
973 591 1048 644 uirgae
1064 588 1082 643 1,

179 673 248 716 gnum
265 662 299 705 est
315 660 402 704 credere
419 660 530 704 Christum
546 674 597 705 ocu·
664 665 713 707 302.

178 733 204 776 lis
224 733 295 776 cordis
315 733 394 787 2l,53;
419 745 464 775 non
489 733 598 791 intellegis
635 737 705 791 gratia
718 736 815 791 credunt,
828 748 920 791 quorum
934 738 968 779 est
979 735 1036 779 fides
1048 736 1081 787 10,

175 807 204 848 'ut
215 805 298 859 credas,
310 804 350 848 sed
361 805 431 847 credis
442 806 467 848 ut
477 805 598 860 intellegas;
665 810 702 852 31:
724 809 751 852 11.
770 808 789 850 Α
807 810 826 862 7,
838 809 919 860 ll3ss;
937 806 1083 862 superbientis

179 890 237 932 opus
251 880 285 920 est
299 877 363 932 fides,
377 890 461 921 merces
475 879 596 922 intellectus
665 893 702 922 cor
713 879 740 922 ad
749 879 906 934 paenitentiam
916 892 960 922 non
968 879 1081 932 mollescit,

179 951 212 1004 11,
223 951 256 994 73.
268 951 320 1001 118;
338 951 389 1004 quia
406 950 482 1003 credis,
501 951 558 1005 apud
575 954 596 994 te
665 954 706 995 nisi
720 953 761 996 Dei
772 953 845 1007 gratia
857 952 986 1006 conpluatur
999 954 1031 1006 17,
1042 953 1081 1003 a&

179 1022 248 1066 habes
261 1023 347 1078 dequo
361 1024 430 1066 credis
443 1026 476 1078 13,
488 1026 526 1076 493
539 1024 595 1068 fides
644 1047 647 1050 ⁴
664 1026 735 1082 gratia
743 1025 814 1079 'gratis
823 1024 874 1066 data
883 1025 906 1066 in
914 1024 1017 1079 apostolo
1026 1023 1081 1066 Pau-

179 1095 286 1139 eatholica
307 1095 399 1149 Scyllam
419 1097 475 1140 inter
496 1099 518 1140 et
540 1097 596 1140 Cha·
664 1097 685 1139 lo
694 1098 729 1151 224,
741 1098 787 1141 140.

178 1166 262 1221 ryhdim
289 1167 397 1221 nauigans
423 1168 455 1222 11,
469 1169 507 1220 913
534 1168 596 1222 fides,
634 1168 729 1223 ,Gratias
748 1179 841 1222 agamus
860 1167 956 1210 Domino
976 1167 1024 1210 Deo
1043 1179 1081 1209 no·

179 1251 245 1293 quam
260 1251 342 1293 magna
357 1241 379 1283 et
392 1240 495 1284 mirabilis
510 1243 543 1295 28,
557 1242 595 1293 31;
663 1240 719 1282 stro‘
732 1239 871 1282 asacerdote
883 1239 964 1282 dictum
976 1240 996 1292 7,
1007 1240 1040 1281 83.

180 1310 300 1353 fortissima
311 1312 333 1354 et
343 1311 483 1368 integerrima
494 1312 552 1355 iides
562 1324 596 1355 ca·

179 1382 260 1426 tholica
277 1384 310 1437 11,
327 1385 366 1427 136
372 1398 378 1435 3
393 1397 438 1427 non
453 1386 524 1427 omnis
539 1384 595 1428 lides
634 1382 758 1437 ,Habemus
775 1382 803 1425 ad
821 1382 948 1424 Dominum!
966 1382 1081 1437 responsio

179 1455 295 1510 laudanda,
309 1456 426 1499 creduntur
438 1457 495 1500 enim
509 1459 531 1499 et
543 1469 595 1499 uera
664 1453 763 1496 iidehum
778 1455 798 1507 7,
813 1455 845 1497 69.

178 1529 200 1570 et
214 1526 270 1570 ialsa
284 1528 366 1582 11,12;
379 1527 421 1573 hoc
434 1530 518 1571 tantum
532 1539 597 1582 quae·
634 1525 812 1568 haemorrhoissa
820 1524 904 1579 mulier,
914 1525 1020 1569 ecclesiae
1028 1535 1082 1582 gen·
1165 1537 1170 1546 ⁸

178 1600 237 1654 ritur,
256 1601 282 1643 ut
301 1600 383 1654 credas,
403 1602 475 1644 cetera
495 1600 596 1643 Christus
649 1598 718 1641 'tium
735 1598 855 1653 figuram,
872 1599 918 1641 163.

177 1672 276 1726 implebit
295 1673 315 1715 A
333 1673 415 1727 2,128;
439 1673 514 1715 omnia
532 1671 596 1715 nobis
634 1670 750 1714 haeresum
770 1671 879 1725 principes
897 1682 952 1713 suas
970 1681 1024 1713 oues
1043 1681 1082 1713 uo-

177 1744 240 1787 salua
256 1746 313 1798 sunt,
330 1746 348 1788 si
364 1744 420 1788 fides
436 1745 498 1787 salua
511 1757 595 1799 perma-
665 1743 712 1785 lunt
726 1742 805 1797 facere,
819 1754 876 1797 qnae
890 1742 972 1785 Christi
985 1743 1036 1784 sunt
1049 1743 1082 1794 17,

178 1818 229 1859 neat
252 1816 271 1859 A
292 1818 312 1870 2,
323 1818 375 1868 2083
405 1816 525 1859 uiolentam
550 1815 597 1858 uult
665 1814 813 1866 87;haeresis
825 1814 965 1856 Atrianorum
977 1815 998 1856 et
1010 1814 1082 1857 Euno-

178 1902 227 1932 esse
249 1889 312 1933 Deus
330 1889 398 1932 iidem
418 1891 516 1932 nostram
538 1888 557 1930 A
575 1889 595 1942 5,
664 1886 787 1929 mianorum
801 1886 892 1941 17,111.

178 1963 216 2013 96;
234 1961 302 2004 iidem
319 1961 409 2004 latronis
427 1961 503 2004 dilexit
521 1961 596 2003 Domi·
634 1957 1081 2014 1111111111ρ110111111111111111112,43;

176 2044 220 2082 nus
236 2034 255 2076 A
270 2037 289 2088 5,
305 2035 357 2085 102;
372 2035 429 2077 tides
442 2036 514 2077 totum
528 2033 594 2086 uidet,
665 2031 722 2075 falso
736 2045 759 2075 se
773 2030 892 2074 catholicos
906 2032 992 2084 uocant,
1007 2031 1043 2085 qui
1056 2030 1083 2072 ab

177 2108 248 2149 totum
260 2116 337 2149 ‘nerum
350 2106 457 2160 intellegit
469 2105 489 2148 A
500 2107 519 2160 6,
530 2107 564 2148 42.
665 2104 757 2147 ecclesia
767 2103 873 2148 catholica
883 2103 973 2147 cottidie
984 2117 1008 2147 se
1019 2116 1083 2159 sepa·

148 2177 229 2220 fiducia
244 2179 336 2233 animae,
352 2178 481 2234 sacrificium
497 2179 531 2221 est
546 2177 595 2221 Deo
664 2178 713 2219 rant
731 2178 764 2231 28,
774 2177 801 2218 85
807 2189 813 2227 ;
833 2188 878 2218 non
895 2188 944 2219 esse
961 2175 1083 2219 haereticos

177 2251 211 2303 33,
226 2250 258 2292 14.
664 2250 777 2302 martyres,
792 2259 883 2291 securus
897 2248 993 2291 affirmat
1008 2247 1082 2304 Augu-

148 2321 210 2364 iinis:
221 2322 265 2363 iam
276 2323 298 2364 in
310 2323 359 2376 ipso
371 2321 415 2364 tine
426 2321 507 2364 saeculi
519 2333 594 2364 sumus
664 2321 735 2363 stinus
750 2323 783 2374 28,
799 2322 845 2364 256.

178 2395 211 2447 28,
226 2395 278 2445 277;
292 2393 330 2436 diu
343 2406 388 2437 non
401 2396 441 2447 est,
454 2393 514 2448 quod
527 2394 594 2436 finem
635 2394 765 2448 Hieremias,
777 2397 839 2437 uates
851 2394 983 2448 magnificus
994 2393 1013 2436 A
1024 2394 1080 2446 534.

176 2464 243 2509 habet
255 2466 289 2519 31,
299 2466 333 2509 71.
634 2468 764 2521 Hieronymi
783 2469 888 2510 tractatus
907 2468 964 2510 inter
982 2466 1081 2510 Guelfer-

147 2537 260 2594 tlagellum
269 2539 350 2592 ipsum,
359 2551 387 2581 ex
396 2550 440 2592 quo
450 2535 594 2592 ilagellamur,
665 2540 761 2594 bytanos
773 2541 843 2582 XXIX
848 2543 874 2583 u³:
892 2539 985 2583 Praelat.
1000 2540 1035 2582 IX.

178 2608 312 2664 flagellando
324 2610 444 2652 conteritur
454 2609 474 2651 A
485 2612 504 2663 9,
517 2611 564 2652 237.
635 2614 787 2668 Hipponensis
802 2613 907 2657 ecclesiae
923 2612 1045 2667 symbolum
1062 2613 1080 2665 1,

148 2680 203 2724 fletu
220 2681 317 2724 abundat
334 2680 388 2724 haec
404 2682 450 2724 uita
467 2682 500 2735 27,
516 2683 549 2724 96.
664 2688 691 2729 53
698 2699 732 2729 ss:
752 2686 779 2729 ci.
796 2686 892 2728 ¹Praelat.
911 2700 932 2740 p.
951 2687 982 2736 V;
998 2687 1081 2741 perico-

148 2753 212 2796 Floro
231 2755 253 2796 et
271 2753 344 2796 Bedae
362 2766 476 2796 sermones
495 2753 595 2797 Guelfer-
663 2770 740 2812 pamm
762 2757 818 2800 ordo
839 2756 972 2811 paschalium
994 2756 1081 2799 saeculo

176 2824 596 2879 bytanihaudignoti:ci.Praefat.VlIsq.
664 2831 741 2884 quinto
761 2831 783 2873 in
802 2842 829 2872 ea
846 2831 951 2873 usitatus:
971 2829 998 2872 ci.
1018 2829 1081 2871 Prae-

147 2898 225 2941 fratres
243 2910 284 2940 nos
302 2897 354 2941 11111
371 2897 398 2940 de
416 2898 493 2953 seruis,
509 2899 546 2953 qui
562 2911 595 2943 re·
662 2902 702 2946 iat.
719 2903 766 2945 XV.

177 2970 244 3013 demit
262 2971 294 3024 18,
310 2972 342 3014 63.
634 2972 761 3016 humilitatis
775 2973 853 3017 doctor
866 2973 965 3016 Christus
979 2986 1046 3028 opere
1059 2974 1081 3015 et

82 3066 85 3073 .
147 3042 227 3097 frigida
245 3038 300 3097 petit
318 3042 390 3097 iebris,
408 3042 511 3098 prohibet
528 3043 595 3087 medi·
663 3058 766 3089 sermone
788 3047 822 3099 32,
845 3046 891 3088 133.
915 3047 966 3097 162;
988 3045 1080 3088 multum

177 3127 215 3158 cus
231 3117 250 3169 9,
267 3116 313 3157 118.
664 3130 688 3160 se
707 3116 844 3161 humiliasset
863 3117 930 3171 Deus,
950 3118 968 3160 si
987 3118 1081 3159 tantum·

147 3188 215 3243 frons,
230 3188 321 3243 pudoris
334 3187 469 3232 domicilium
484 3190 503 3242 3,
519 3190 551 3232 86.
664 3189 731 3232 modo
767 3191 893 3233 nasceretur
925 3191 1013 3244 propter
1047 3192 1080 3232 te:

662 3262 768 3320 dignatus
788 3263 822 3305 est
841 3262 906 3305 etiam
926 3262 981 3304 mori
1000 3274 1040 3317 pro
1058 3264 1080 3304 11

146 3332 199 3390 galli
217 3333 305 3375 cantus:
323 3332 413 3387 uigilare
432 3332 459 3375 ad
477 3332 528 3390 galli
545 3346 594 3376 can·
663 3335 760 3388 32,178;
778 3334 858 3377 Christi
875 3333 994 3377 humilitate
1011 3334 1082 3377 iacen-

176 3406 222 3448 tum
237 3406 256 3460 1,
270 3406 317 3449 298.
663 3409 697 3450 tes
714 3407 780 3451 erecti
797 3419 874 3450 sumus
890 3409 923 3461 32,
941 3408 968 3450 90
985 3406 1020 3462 (11.
1037 3406 1080 3450 101-

1027 3514 1080 3567 233
