2819 4040
688 321 707 361 S.
720 321 825 370 Augustini
837 321 929 360 tractatus

241 457 326 495 unauna
360 446 443 498 nium
460 445 626 513 malorum,
644 447 714 499 sicut
731 448 866 514 scriptura
878 442 943 496 dicit.
969 441 1075 496 Cauete
1092 441 1289 509 ebriositatem,

358 532 452 582 cauete
466 530 640 597 adulterium,
653 530 768 597 furtum,
782 532 962 594 mendacium,
976 528 1080 580 falsum
1092 528 1289 581 testimonium.
1299 540 1334 577 145

358 613 464 667 Cauete
484 614 703 682 ablasphemiiS,
724 615 888 682 aligaturis,
909 611 1151 678 incantationibus,
1171 613 1198 664 et
1218 629 1233 665 a
1249 612 1290 664 di-

267 711 300 748 m.
315 700 445 751 rsauersis
468 700 722 767 superstitionibus,
752 699 858 753 Cauete
883 696 894 770 ΙΙ
911 699 945 752 ab
966 699 1057 751 usuris
1079 700 1106 750 et
1128 697 1289 749 aloenore:

357 784 443 836 nolite
460 783 561 836 habere
579 785 739 838 societatem
755 799 817 836 cum
834 782 1066 849 foeneratoribus,
1084 782 1214 834 dimittite
1232 797 1288 834 eos,

356 868 454 919 Veniet
474 867 543 934 dieS,
564 868 676 934 quando
697 869 736 920 eis
756 868 873 922 dicetur:
895 869 1014 922 Pecunia
1033 869 1126 919 uestra
1145 866 1289 919 uobiscum

356 952 431 1003 sitin
444 952 592 1005 interitum.
606 951 704 1005 Veniet
715 952 775 1004 dies
788 953 891 1019 iudicii,
905 951 1016 1020 quando
1028 966 1079 1018 pro
1092 951 1152 1017 ipsa
1163 950 1287 1017 pecunia,
1298 962 1333 1000 150

355 1037 383 1087 et
400 1051 460 1088 cum
478 1038 539 1102 ipsa
556 1038 679 1103 pecunia,
698 1035 835 1089 ardebunt
852 1038 879 1089 in
898 1039 961 1104 igne
978 1037 1155 1102 sempiterno
1172 1035 1220 1087 ubi
1237 1035 1289 1087 erit

356 1120 442 1172 fletus
458 1123 484 1172 et
515 1117 607 1171 stridor
633 1120 765 1174 dentium.
788 1120 908 1174 Pecunia
923 1121 971 1174 illa
986 1122 1013 1173 in
1027 1120 1217 1173 testimonium
1232 1118 1288 1170 illis

355 1206 414 1257 erit.
438 1204 534 1257 Nolite
549 1205 588 1257 sic
603 1204 678 1270 dare,
694 1204 781 1257 nolite
796 1206 835 1257 sic
851 1207 981 1272 accipere,
997 1221 1030 1257 nc
1046 1204 1183 1271 incipiatis
1199 1204 1227 1255 in
1242 1203 1287 1255 die

355 1289 448 1340 iudicii
468 1289 568 1341 malam
586 1290 721 1342 rationem
739 1289 776 1341 de
793 1289 875 1341 uobis
894 1289 948 1343 deo
968 1289 1092 1342 reddere.
1118 1286 1195 1350 Quid
1213 1287 1286 1339 enim

354 1375 394 1425 eis
416 1374 539 1440 prodest,
561 1374 614 1426 nisi
635 1378 666 1427 ut
686 1390 736 1441 pro
758 1375 882 1441 pecunia,
904 1391 985 1441 quam
1007 1377 1054 1426 aut
1074 1375 1130 1426 uiui
1152 1372 1286 1440 perdituri
1296 1384 1331 1421 155

355 1459 426 1523 sunt,
445 1460 493 1509 aut
509 1459 609 1510 mortui
627 1457 755 1523 relicturi,
773 1458 893 1509 animam
910 1473 988 1510 suam
1005 1457 1130 1524 perdant,
1148 1472 1229 1523 quam
1246 1472 1287 1508 re-

354 1540 458 1593 dimere
473 1558 528 1594 non
543 1541 680 1609 possunt?
694 1540 769 1594 Sicut
783 1542 849 1593 dicit
863 1544 987 1594 sanctum
1001 1541 1187 1607 euangelium:
1201 1539 1287 1602 Quid

354 1625 454 1691 prode
470 1627 518 1677 est
532 1625 661 1691 homini,
678 1626 705 1676 si
719 1628 821 1678 totum
836 1626 985 1677 mundum
1000 1625 1148 1690 lucretur,
1164 1626 1287 1677 animae

354 1713 456 1761 autem
478 1724 554 1762 suae
575 1710 800 1763 detrimentum
821 1710 982 1777 patiatur?
1004 1708 1065 1764 Aut
1085 1725 1175 1776 quam
1196 1708 1287 1761 dabit

354 1795 446 1847 homo
469 1796 749 1848 commutationem
772 1811 829 1862 pro
852 1797 954 1847 anima
977 1796 1053 1847 sua?
1077 1794 1186 1857 ,Cauete
1210 1805 1330 1861 ergo,roo

211 1891 256 1920 Multi
267 1890 302 1921 nae
313 1890 336 1920 υἱ·
354 1880 455 1931 fratres
469 1881 530 1946 mei,
544 1880 578 1932 ab
591 1881 682 1932 usuris
695 1882 723 1931 et
736 1897 751 1931 a
764 1879 889 1945 foenore,
903 1882 930 1931 et
943 1880 1029 1931 nolite
1042 1879 1143 1931 dicere:
1164 1878 1200 1930 Et
1213 1880 1286 1930 unde

201 1939 498 2017 „affiniori-niuemus?
521 1964 584 2016 Hoc
598 1980 653 2016 non
668 1966 710 2016 est
724 1964 810 2015 uitam
826 1979 964 2030 quaerere,
979 1963 1029 2015 sed
1044 1965 1169 2015 mortem.
1191 1962 1286 2015 Nolite

353 2047 452 2113 dicere,
470 2047 505 2099 Et
519 2048 592 2100 unde
607 2048 752 2101 uiuemus?
774 2046 843 2099 Sunt
859 2048 928 2099 aliae
943 2062 1050 2113 causae,
1065 2047 1139 2099 unde
1154 2063 1184 2098 se
1199 2047 1285 2099 homi·

353 2148 401 2184 nes
422 2133 586 2198 transigant.
613 2130 699 2193 Quod
721 2132 849 2198 prohibet
870 2132 947 2198 deuS,
970 2132 1055 2183 nolite
1077 2131 1176 2198 facere,
1198 2132 1284 2184 nolite

353 2215 417 2267 inde
439 2217 541 2268 uiuere.
568 2215 596 2269 O
617 2217 708 2282 miser,
731 2218 758 2267 et
780 2215 955 2281 miserabilis,
977 2217 1004 2267 et
1025 2214 1134 2266 infelix!
1164 2214 1327 2267 attendisrm

352 2301 416 2366 quia
430 2300 495 2351 inde
507 2301 588 2367 uiuiS,
603 2303 630 2352 et
644 2315 699 2351 non
715 2300 834 2352 attendis
848 2300 922 2351 unde
936 2300 1071 2352 moriaris.
1093 2298 1128 2350 Et
1141 2299 1223 2364 unde,
1245 2301 1283 2351 in-

352 2385 422 2450 quiS,
441 2384 553 2437 uiuam?
578 2384 641 2436 Hoc
660 2384 726 2435 mihi
746 2386 772 2435 et
791 2384 854 2436 leno
874 2386 966 2450 potest
984 2384 1082 2449 dicere,
1102 2383 1153 2435 hoc
1171 2382 1237 2434 mihi
1256 2385 1283 2434 et

351 2467 423 2519 latro
440 2470 533 2533 potest
549 2468 650 2520 dicere:
674 2468 807 2534 numquid
825 2468 887 2519 ideo
906 2467 1048 2519 latrocinia
1065 2466 1193 2519 facienda
1210 2468 1281 2531 sunt,

351 2555 397 2602 aut
418 2551 554 2603 lenocinia
573 2551 733 2617 exercenda,
754 2553 818 2617 quia
838 2553 884 2617 qui
905 2567 936 2603 ea
956 2551 1062 2603 faciunt
1081 2551 1146 2603 inde
1165 2551 1281 2604 uiuunt?

349 2635 406 2687 Vae
425 2636 533 2687 miseris
551 2637 597 2702 qui
616 2636 681 2687 inde
699 2638 805 2701 uiuunt,
825 2637 889 2702 quia
908 2634 972 2687 inde
990 2637 1152 2688 moriuntur.
1177 2635 1280 2687 Melius
1290 2645 1325 2683 170

349 2719 528 2786 mendicatur,
547 2720 679 2786 quamde
697 2720 802 2771 inlicito
819 2721 937 2772 uiuatur.
962 2718 1107 2772 Postremo
1124 2720 1222 2771 melius
1239 2721 1281 2772 est

348 2806 378 2855 ut
397 2804 481 2856 homo
500 2806 640 2871 moriatur,
661 2819 742 2871 quam
762 2805 797 2856 dc
817 2804 922 2856 inlicito
941 2804 1062 2857 uiuendo
1082 2805 1111 2856 id
1130 2804 1279 2870 efficiatur,

347 2890 377 2939 ut
401 2890 489 2940 morte
512 2890 678 2951 sempiterna
701 2889 842 2941 crucietur.
872 2888 952 2941 Mors
977 2890 1030 2940 ista
1053 2888 1118 2941 finit
1141 2888 1278 2941 dolorem:

347 2988 422 3035 mors
434 2972 481 3024 illa
492 2974 519 3024 in
530 2974 648 3025 aeternis
659 2973 804 3025 doloribus
816 2975 965 3039 permanet.
984 2972 1106 3039 Credite,
1117 2973 1278 3039 intellegite,

345 3058 448 3124 timete,⁴
469 3057 503 3108 ab
521 3059 595 3109 omni
614 3074 642 3110 re
661 3057 733 3110 mala
752 3073 803 3110 uos
822 3058 970 3123 abstinete;
991 3058 1101 3110 studete
1119 3058 1205 3110 uerbo
1223 3058 1277 3124 dei,
1286 3073 1321 3110 175

346 3143 435 3193 amate
461 3140 556 3193 audire
579 3142 645 3208 quid
669 3142 737 3194 uelit
761 3143 839 3208 deus,
864 3145 891 3194 et
915 3142 1082 3194 facientibus
1105 3142 1277 3195 uoluntatem

345 3239 423 3277 suam
444 3224 511 3292 quid
529 3227 666 3291 promittit
684 3226 762 3279 deus¹
791 3226 826 3278 er
846 3229 876 3278 ut
895 3227 948 3279 liat
967 3227 1042 3293 quod
1062 3226 1144 3292 iubet,
1165 3229 1276 3293 rogetur

344 3310 421 3376 deuS,
437 3313 463 3363 et
477 3309 591 3363 adiuuat
605 3311 681 3365 deus
755 3376 757 3380 ,

345 3521 394 3573 162
