2819 4040
633 363 652 402 S.
666 362 771 412 Augustini
784 366 876 405 tractatus

306 504 375 554 nem,
394 488 537 541 carissimi.
563 487 675 541 fideles
692 490 841 557 uocamini,
859 488 983 542 fideliter
1001 487 1098 540 uiuite:
1123 486 1239 540 domino

304 574 400 626 uestro
419 572 447 624 in
466 571 549 625 corde
570 573 597 625 et
617 572 742 625 moribus
762 576 863 628 uestris
884 574 971 627 iidem
992 573 1110 625 seruate.
1142 570 1238 625 Nolite

304 670 356 708 uos
374 656 550 708 commiscere
567 655 693 708 moribus
709 656 790 709 malis
809 659 837 710 in
855 658 936 712 turba
953 655 1165 710 christianorum
1184 670 1239 709 ma·

305 738 404 792 lorum.
424 738 524 792 llidete
542 739 618 806 quod
636 740 711 793 dico:
735 756 823 807 grana
842 745 939 797 estote.
965 739 1049 794 Palea
1068 738 1192 793 abundat
1211 741 1239 792 in

305 838 376 890 area,
397 823 447 875 sed
465 825 581 876 uentura
601 826 643 876 est
662 823 818 892 uentilatio,
839 826 1013 894 separabitur
1032 823 1123 891 palea:
1150 838 1238 891 neque
1247 835 1272 873 70

304 922 359 959 una
378 906 481 974 stipula
498 909 588 960 tecum
607 909 692 960 intrat
710 909 739 960 in
756 908 895 978 horreum,
914 925 1002 978 neque
1020 922 1105 961 unum
1123 920 1242 976 granum=

304 990 383 1044 uadit
394 992 422 1044 in
433 992 534 1060 ignem.
553 991 641 1045 Nouit
651 1008 790 1060 separare,
803 995 849 1061 qui
861 996 952 1062 potuit
962 1007 1143 1061 congregare:
1155 1007 1239 1059 erras,

305 1076 328 1127 si
350 1075 494 1129 dominum
515 1092 605 1129 errare
627 1077 717 1144 putas,
747 1075 836 1130 Nouit
857 1093 917 1145 uos,
940 1079 986 1146 qui
1007 1077 1110 1130 creauit
1130 1090 1190 1142 uos,
1211 1078 1239 1130 et

304 1161 438 1212 recreauit
450 1173 503 1213 uos
508 1177 515 1226 ;
529 1162 639 1214 sienim
652 1163 760 1214 tantum
773 1166 903 1230 creasset,
918 1165 945 1216 et
958 1178 1014 1215 non
1028 1162 1240 1227 <re>creasset,

304 1245 498 1301 intr<ar>etis
517 1246 545 1298 in
564 1261 684 1298 massam
704 1245 880 1313 perditionis.
906 1244 1049 1314 Numquid
1068 1246 1131 1299 dico
1149 1244 1240 1312 uobis,
1248 1258 1271 1295 75

305 1328 407 1382 fratres
430 1330 493 1396 mei,
516 1330 579 1396 quia
602 1345 658 1382 non
682 1331 810 1396 poteritis
834 1331 958 1384 inuenire
981 1330 1146 1384 christianos
1169 1328 1240 1382 bene

304 1414 451 1468 uiuentes?
477 1413 568 1481 absit,
588 1417 618 1467 ut
638 1413 691 1475 hoc
712 1415 831 1467 sentiam
852 1415 888 1467 de
909 1431 973 1468 area
994 1414 1101 1468 domini
1122 1413 1183 1466 mei.
1211 1411 1240 1465 Si

305 1497 358 1550 hoc
374 1499 413 1551 ita
429 1500 478 1565 est,
495 1498 608 1566 utquid
625 1498 744 1551 laboro?
764 1498 865 1552 Videte
880 1499 980 1565 bonos,
997 1514 1067 1566 quos
1084 1497 1239 1551 imitemini:

306 1584 405 1649 estote,
424 1585 451 1635 et
468 1583 622 1636 inuenietis.
647 1580 676 1635 Si
695 1584 787 1635 autem
806 1583 872 1635 mali
890 1598 951 1636 esse
969 1582 1125 1649 coeperitis,
1144 1596 1240 1635 omnes

306 1666 396 1720 malos
419 1682 479 1719 esse
499 1666 629 1720 credetis:
657 1669 685 1720 et
707 1667 881 1720 mendacium
904 1669 953 1734 est,
976 1666 1116 1720 fallimini.
1146 1665 1273 1734 [ongean

152 1781 202 1815 Quam
214 1779 257 1809 mun
268 1778 299 1809 an
307 1750 451 1804 attenditis
471 1767 569 1818 aream,
589 1751 654 1805 ideo
673 1752 734 1805 sola
754 1751 836 1819 palea
855 1751 936 1805 uobis
956 1752 1084 1805 occurrit:
1111 1750 1240 1817 accedite,

158 1827 292 1862 antennam,
313 1838 444 1904 quaerite,
461 1852 570 1890 manum
585 1837 707 1904 implete,
722 1839 780 1891 oris
797 1837 928 1890 iudicium
945 1835 1087 1901 adhibete3
1104 1837 1241 1889 'excutitur

152 1886 183 1907 non
193 1876 223 1906 nisi
235 1876 298 1906 abonis

178 1923 271 1961 agnano.
306 1920 371 1973 inde
382 1923 472 1974 totum
483 1921 557 1988 quod
567 1921 652 1987 uolat,
664 1923 691 1974 et
702 1923 826 1974 remanet
837 1921 913 1989 quod
923 1935 1008 1988 graue
1020 1922 1069 1974 est.
1089 1918 1240 1973 Inuenietis

305 2004 396 2058 bonos
411 2004 584 2071 christianos,
599 2004 702 2058 credite
717 2004 795 2058 mibi:
816 2005 906 2058 bonos
921 2005 1095 2073 coniugatOS,
1110 2003 1239 2057 exbiben-

304 2090 347 2141 tes
369 2088 457 2141 fidem
477 2089 609 2142 uxoribus
631 2090 700 2142 suis:
722 2089 811 2142 bonas
832 2089 952 2142 feminas
973 2090 1145 2157 coniugatas,
1166 2089 1271 2141 exhi-85

305 2172 402 2225 bentes
424 2172 512 2226 fidem
530 2174 636 2226 maritis
657 2174 724 2227 suis.
750 2172 892 2240 Quaerite,
914 2175 941 2226 et
961 2173 1120 2226 inuenietis:
1141 2174 1239 2240 estote,

305 2258 332 2308 et
349 2272 406 2309 non
423 2273 475 2310 uos
493 2256 597 2311 latebit.
622 2256 718 2310 Simile
736 2258 772 2310 ad
790 2258 880 2310 simile
897 2258 1022 2311 occurrit.
1047 2255 1173 2310 Granum
1190 2257 1239 2310 es?

305 2340 429 2407 applicas
449 2342 476 2393 te
494 2341 530 2393 ad
548 2357 672 2408 granum.
700 2340 785 2394 Palea
804 2342 854 2395 es?-
878 2342 1001 2408 applicas
1020 2343 1047 2394 te
1066 2341 1102 2394 ad
1121 2341 1238 2408 paleam.

306 2424 456 2477 lnuenietis
470 2426 517 2492 ,qui
531 2441 586 2478 non
601 2426 669 2478 dant
683 2426 828 2493 pecuniam
842 2441 919 2479 suam
934 2425 970 2478 ad
983 2440 1104 2491 usuram,
1119 2426 1240 2478 inuenie-

304 2509 340 2560 tis
365 2510 410 2575 qui
432 2508 495 2575 plus
518 2509 637 2562 oderunt
660 2509 789 2562 iraudem
814 2525 895 2576 quam
918 2510 1060 2562 damnum:
1091 2510 1237 2562 inuenietis
1246 2518 1271 2556 9⁰

304 2593 384 2646 istos.
408 2592 521 2659 incipite
536 2609 604 2660 esse,
620 2595 647 2646 et
662 2594 764 2646 uidetis
780 2609 861 2661 quam
877 2594 955 2647 multi
971 2596 1043 2647 sunt.
1067 2592 1150 2646 Pauci
1165 2595 1237 2661 sunt,

304 2676 355 2729 sed
370 2678 398 2729 in
412 2679 618 2744 comparatione
633 2678 792 2732 multorum.
807 2678 1024 2745 Ventilat<ur>,
1039 2680 1067 2731 et
1081 2694 1174 2731 massa
1187 2680 1238 2732 est.

303 2760 493 2814 Ventilaturus
509 2763 551 2814 est
565 2761 620 2828 ille,
637 2763 690 2829 qui
707 2761 772 2814 fert
787 2762 1002 2815 uentilabrum
1019 2763 1050 2814 in
1066 2777 1158 2815 manu
1174 2778 1237 2815 sua.

363 2856 389 2909 3.
403 2856 502 2923 Modo,
515 2859 658 2924 carissimi,
671 2860 699 2910 et
712 2857 849 2925 alloquor,
864 2859 909 2925 qui
923 2859 1044 2916 esti<s>
1056 2857 1159 2911 fideles
1172 2857 1239 2911 olim

303 2940 446 3007 baptizati,
468 2957 542 2996 anno
560 2943 652 3009 priore
672 2942 815 3009 baptizati,
837 2942 1026 3010 superioribus
1048 2944 1128 2995 annis
1149 2942 1270 3009 bapti-95

259 3035 294 3072 gp
303 3025 366 3091 zati,
381 3026 408 3077 et
420 3040 471 3077 uos
485 3025 623 3093 alloquor:
642 3043 691 3094 per
705 3028 794 3094 ipsam
810 3022 816 3096 Ι
831 3028 904 3080 uiam
919 3029 964 3095 ite,
975 3043 1029 3094 qua
1043 3043 1099 3080 non
1110 3027 1238 3094 pereatis,

150 3129 173 3159 na
189 3130 242 3161 frana
257 3131 294 3161 snm
302 3110 326 3161 si
340 3110 386 3161 isti
399 3109 477 3175 sequi
490 3109 636 3164 noluerint.
655 3109 837 3164 monestrum
850 3112 923 3164 enim
936 3111 1067 3164 iudicium
1080 3110 1237 3177 pertinebit,

177 3179 265 3216 anana.
303 3194 326 3244 si
345 3208 406 3246 cum
425 3194 526 3245 uestris
545 3194 667 3247 moribus
687 3194 768 3248 malis
788 3197 815 3248 ct
834 3196 938 3262 peritis,
958 3197 986 3248 et
1004 3195 1130 3263 perditis,

302 3415 303 3418 ,
363 3384 372 3423 1
386 3382 443 3428 llide
457 3382 551 3425 Praelat.
563 3382 590 3425 ad
603 3397 623 3426 n.
637 3385 679 3427 Lll.
700 3387 821 3425 PASCHAE
834 3397 861 3426 ex
873 3385 1013 3438 inscriptione
1027 3384 1054 3426 ad
1067 3382 1147 3426 calcem
1159 3383 1237 3438 posita.

301 3454 459 3513 loomlnus]
477 3455 512 3501 Ps,
531 3457 577 3509 117,
594 3456 627 3500 24'.
663 3459 675 3499 5
691 3457 749 3510 non}
767 3458 826 3511 quod
843 3459 864 3500 in
880 3457 901 3500 G
916 3456 1055 3500 desideratur
1069 3469 1113 3510 ego
1129 3456 1236 3511 suppleui.

301 3568 336 3619 70
