2819 4040
659 308 678 348 S.
692 310 796 359 Augustini
810 311 901 349 tractatus

313 450 379 500 ergo
395 432 432 486 ibi
446 434 533 500 erant,
548 434 593 501 qui
608 434 790 502 desperantes
805 436 942 502 dixerunt,
957 431 1034 501 Quid
1049 434 1202 486 faciemus?
1220 435 1247 486 et

313 518 459 570 audierunt
470 520 546 585 quod
557 520 700 572 credentes
713 521 740 572 in
752 536 814 573 eum
827 538 907 589 quem
922 517 1069 573 occiderunt
1082 520 1248 587 posse<nt>

311 603 380 654 tanti
394 602 505 655 sceleris
517 605 639 671 accipere
650 605 769 658 ueniam.
790 605 831 658 lbi
844 608 929 673 erant,
942 607 1019 672 ipsos
1030 604 1156 657 uidebat:
1169 606 1246 671 ipsos

312 688 374 738 ante
395 702 501 740 crucem
522 702 601 741 suam
622 688 702 755 uidit,
725 704 796 755 quos
818 694 882 744 ante
904 689 999 743 mundi
1020 689 1246 741 constitutionem
1254 698 1278 735 rs

311 772 457 836 praeuidit.
484 771 539 824 Pro
557 773 600 825 his
620 772 701 825 dixit:
728 772 834 840 Pater,
855 777 985 841 ignosce
1005 773 1084 839 illis,
1103 774 1176 839 quia
1195 788 1246 826 ne-

310 856 415 907 sciunt
438 855 514 922 quid
535 856 667 910 faciunt.
695 856 738 909 llli
761 858 925 912 occidebant
947 858 1094 911 medicum:
1123 855 1245 909 medicus

311 939 345 991 de
359 955 410 992 suo
423 942 558 1007 sanguine
571 941 692 993 faciebat
704 942 875 995 occisoribus
888 942 1126 995 medicamentum.
1140 940 1246 1007 Magna

310 1025 501 1078 misericordia
516 1029 543 1078 et
556 1027 658 1092 gloria:
681 1026 748 1093 quid
763 1042 819 1079 non
835 1029 878 1080 est
893 1027 948 1079 illis
964 1027 1117 1092 dimissum,
1133 1024 1245 1092 quando

310 1107 365 1159 illis
383 1106 529 1162 dimissum
546 1113 595 1175 est,
613 1109 689 1177 quod
706 1111 867 1164 occiderunt
884 1111 1046 1165 Christum?
1070 1110 1145 1176 lde0,
1163 1111 1277 1162 caris-70

309 1193 380 1259 simi,
397 1193 525 1246 dubitare
540 1210 622 1246 nemo
637 1194 729 1260 debet,
746 1195 774 1246 in
791 1195 902 1248 lauacro
918 1195 1136 1262 regenerationis
1151 1194 1245 1247 omnia

309 1291 424 1341 prorsus
444 1280 471 1330 et
488 1279 600 1330 minima
619 1280 646 1331 et
664 1280 784 1332 maxima
803 1280 905 1332 dimitti
924 1280 1038 1333 omnino
1057 1280 1178 1346 peccata:
1203 1280 1245 1330 est

309 1360 381 1412 enim
399 1363 554 1429 exemplum
570 1378 755 1429 magnumque
771 1363 976 1417 documentum.
1001 1363 1115 1416 Nullum
1131 1365 1244 1430 grauius

309 1447 458 1512 peccatum,
477 1462 558 1513 quam
575 1446 700 1499 occidere
719 1446 874 1500 Christum:
899 1446 1011 1514 quando
1029 1449 1056 1498 et
1073 1445 1124 1500 hoc
1141 1449 1184 1499 est
1203 1447 1244 1498 di-

309 1530 432 1596 missum,
454 1530 520 1597 quid
540 1533 567 1583 in
587 1531 716 1583 credente
736 1532 879 1598 baptizato
900 1531 1053 1584 remanebit
1073 1530 1274 1583 admissumPre

369 1614 393 1666 3.
414 1613 469 1667 Sed
487 1615 715 1668 resurrectionem
736 1614 842 1668 Christi
861 1615 1077 1680 consideremus,
1096 1614 1243 1667 carissimi:

310 1699 441 1764 quoniam
459 1700 529 1752 sicut
544 1701 603 1752 eius
621 1700 715 1767 passio
733 1700 906 1767 significauit
923 1702 1047 1752 nostram
1063 1700 1185 1751 ueterem
1204 1698 1244 1750 ui-

154 1796 212 1852 cprrsr
224 1805 299 1827 resurrec-
309 1783 374 1848 tam,
390 1784 428 1834 sic
443 1785 501 1835 eius
516 1785 679 1836 resurrectio
694 1786 895 1837 sacramentum
910 1785 953 1836 est
967 1799 1057 1836 nouae
1070 1784 1153 1835 uitae.
1176 1782 1244 1835 ldeo

153 1847 176 1924 {¹⁵3
189 1847 299 1928 ffiff‘l'ffl
309 1868 455 1933 apostolus
476 1870 525 1920 ait:
551 1867 745 1936 Consepulti
766 1883 873 1920 sumus
893 1867 1027 1920 Christo
1046 1884 1102 1935 per
1121 1868 1244 1935 baptis-

306 1966 383 2003 mum
404 1951 431 2003 in
449 1954 635 2015 morte<m>,
658 1955 692 2006 ut
714 1953 979 2020 quemadmodum
1002 1952 1154 2006 Christus
1177 1968 1275 2007 sur-so

263 2034 380 2091 asvrexit
398 2033 403 2107 Ι
423 2054 438 2090 a
458 2040 605 2104 mortuis,
625 2040 669 2091 sic
689 2040 719 2090 et
738 2054 795 2090 nos
816 2040 847 2090 in
868 2039 1012 2090 nouitate
1031 2038 1117 2089 uitae
1137 2036 1243 2089 ambu-

307 2121 415 2175 lemus
446 2122 608 2189 Credidisti,
630 2123 786 2189 baptizatus
809 2139 850 2175 es:
880 2124 988 2174 mortua
1011 2124 1053 2174 est
1074 2123 1153 2173 uetus
1175 2122 1242 2187 uita,

306 2207 397 2259 occisa
415 2209 502 2260 estin
520 2223 605 2273 cruce,
625 2208 733 2275 sepulta
751 2209 778 2260 in
795 2208 944 2274 baptismo,
962 2206 1049 2259 Vetus
1067 2206 1175 2272 sepulta
1193 2208 1242 2271 est,

307 2291 334 2341 in
353 2307 406 2357 qua
423 2291 494 2344 male
511 2292 617 2344 uixisti:
636 2308 709 2345 noua
726 2295 860 2359 resurgat.
886 2291 960 2344 Rene
976 2292 1051 2344 uiue:
1069 2291 1108 2343 sic
1123 2291 1195 2355 uiue,
1212 2292 1243 2342 ut

306 2375 397 2426 uiuas:
415 2376 453 2427 sic
467 2376 539 2442 uiue,
555 2379 593 2442 ut,
608 2391 669 2428 cum
685 2378 810 2428 mortuus
827 2376 922 2441 fueris,
938 2392 993 2427 non
1009 2375 1144 2427 moriaris.
1167 2372 1272 2431 Con-85

307 2457 435 2523 siderate,
448 2461 591 2526 carissimi,
604 2458 670 2526 quid
683 2460 784 2512 dixerit
796 2459 926 2512 dominus
939 2460 966 2511 in
978 2458 1124 2524 euangelio
1137 2458 1241 2509 homini

308 2558 387 2608 quem
405 2544 521 2595 curauit:
541 2542 619 2595 Ecce
637 2559 733 2596 sanus
752 2543 858 2595 factus
876 2560 920 2607 es;
938 2544 998 2595 iam
1017 2542 1082 2595 noli
1100 2558 1241 2609 peccare,

310 2643 346 2678 ne
364 2626 439 2693 quid
455 2627 515 2679 tibi
532 2627 675 2680 deterius
692 2628 869 2694 contingat.
894 2628 949 2680 lsta
967 2627 1103 2679 sententia
1118 2626 1241 2679 conclusi

307 2710 456 2777 fueramus,
473 2714 500 2763 et
515 2712 541 2763 in
558 2713 701 2778 augustias
718 2727 832 2778 magnas
848 2711 963 2763 redacti:
980 2710 1030 2762 sed
1046 2711 1120 2762 illius
1136 2710 1241 2762 miseri-

151 2815 205 2845 oraa
216 2813 297 2870 sarrana
306 2795 402 2848 cordia
420 2811 567 2863 numquam
585 2796 697 2849 deserit.
722 2795 887 2849 Orationem
905 2795 1052 2861 baptizatis
1071 2794 1157 2859 dedit,
1177 2794 1272 2860 quiana

151 2864 349 2943 mellillalilssmhic
367 2880 426 2931 sine
444 2882 555 2946 peccato
573 2897 629 2932 non
647 2882 758 2946 uiuitur,
776 2881 806 2933 ut
823 2879 937 2931 cottidie
955 2879 1087 2944 dicamus,
1107 2877 1240 2929 Dimitte

178 2961 266 2991 auram.
305 2963 400 3016 nobis
421 2963 530 3016 debita
549 2967 668 3017 nostra.
696 2962 799 3016 Debita
819 2965 894 3016 sunt:
915 2963 963 3015 illa
982 2963 1073 3015 cautio
1093 2961 1239 3029 generalis,

305 3050 332 3100 et
347 3063 400 3101 nos
416 3064 472 3100 non
488 3063 626 3100 cessamus
642 3048 706 3100 lieri
723 3047 873 3100 debitores.
897 3045 1052 3099 Didicimus
1068 3045 1142 3098 unde
1158 3044 1239 3096 nobis

304 3131 419 3184 cottidie
438 3131 622 3195 dimittantur;
640 3131 691 3183 sed
709 3147 765 3184 non
785 3131 849 3183 ideo
867 3130 1000 3183 debemus
1020 3131 1047 3182 in
1066 3128 1193 3195 flagitiis,
1212 3131 1239 3181 in

304 3215 464 3281 sceleribus,
488 3216 515 3266 in
537 3215 696 3268 criminibus
720 3215 799 3282 quasi
823 3215 911 3267 securi
934 3215 1113 3281 requiescere.
1142 3210 1270 3266 'Amicam

303 3299 385 3351 nobis
401 3314 458 3350 non
472 3297 575 3350 debent
589 3314 649 3350 esse
664 3300 786 3365 peccata:
804 3299 961 3350 uomuimus
976 3312 1017 3361 ea,
1032 3295 1173 3347 oderimus
1194 3311 1236 3347 ea:

304 3398 360 3435 non
380 3382 480 3435 canino
500 3397 576 3438 more
597 3382 633 3442 ad
653 3384 778 3443 nostrum
798 3381 933 3442 uomitum
953 3381 1131 3441 reuertamur,
1160 3378 1195 3439 list
1215 3381 1238 3441 si

303 3503 339 3561 32
