2819 4040
412 300 480 338 XXIII.
493 300 523 337 De
537 299 601 337 natale
614 310 640 337 ss,
649 302 711 347 apost.
720 300 771 339 Petri
785 302 804 338 et
816 299 871 338 Pauli

178 424 284 479 Christi
306 426 409 493 linguis
428 424 553 478 ¹omnium
575 425 698 490 gentium
720 426 832 479 Inerant
854 424 990 478 locutum?
1017 421 1110 476 Caeli

178 513 328 564 enarrant
339 510 477 578 gloriam
490 507 553 560 dei:
573 508 702 577 intellege
715 510 816 576 caelos,
831 511 876 577 qui
890 510 1002 577 portant
1014 508 1111 572 deum;

177 595 207 646 et
224 610 321 662 opera
338 608 483 648 manuum
501 593 581 659 eius,
598 592 649 646 hoc
666 598 716 662 est,
732 596 852 663 gloriam
868 595 921 662 dei,
940 595 1111 648 annuntiat

178 678 423 734 iiimamentnm.
447 678 511 732 tloc
526 681 591 732 sunt
606 681 681 735 caeli.
706 682 783 737 Dies
799 683 865 737 diei
881 685 1026 738 eructuat
1040 699 1110 737 uer·

145 764 258 832 esbum,
278 768 308 818 et
324 780 388 818 ‘nox
405 766 492 818 nocti
511 769 679 821 annuntiat
697 769 872 822 solentiam.
905 767 970 820 Non
987 769 1110 821 taceatur

177 850 307 905 Christus
323 851 422 904 diebus
439 866 469 904 ac
486 850 620 906 nocthus.
643 852 748 908 Tamen
764 855 857 921 cogIta
873 854 946 907 diem
963 854 1018 907 diei
1034 868 1108 907 eruc-

176 938 253 989 tuare
273 936 400 989 uerbum:
428 934 571 989 Christum
592 936 743 1005 discipulis,
766 938 857 992 lumen
879 937 1037 990 luminibus.
1072 936 1109 990 Et

176 1036 232 1073 nox
249 1021 323 1073 nocti
341 1020 517 1073 annuntiauIt
534 1021 686 1075 scientiam:
710 1023 757 1076 ubi
775 1024 849 1075 esset
867 1021 1004 1088 Christus,
1024 1012 1107 1075 Iudas

175 1106 314 1158 nuntiauit
336 1103 454 1159 Iudaeis.
481 1103 697 1172 Conprehensus
718 1110 760 1160 est
780 1106 918 1171 Christus,
939 1107 1044 1159 occisus
1065 1108 1107 1158 est

143 1199 167 1236 so
176 1187 314 1255 Christus,
332 1203 407 1241 mors
423 1189 513 1241 occisa
530 1190 571 1241 est
588 1191 615 1242 in
633 1190 758 1245 Christo:
782 1192 846 1258 quia
863 1191 1012 1242 resurrexit
1028 1189 1107 1244 Ghri-

175 1276 243 1340 stus,
260 1275 286 1326 et
301 1273 426 1327 ascendit
441 1276 469 1327 in
484 1275 597 1342 caelum,
614 1279 641 1329 et
656 1279 730 1330 misit
745 1276 822 1344 quod
837 1277 965 1343 promisit
979 1277 1107 1342 spiritum

175 1360 308 1425 sanctum,
322 1361 349 1411 et
362 1359 468 1426 impleti
482 1362 546 1413 sunt
560 1360 608 1413 illo
622 1363 762 1429 tamquam
775 1362 842 1413 uino
856 1375 931 1413 nouo
943 1362 1018 1412 utres
1032 1362 1106 1413 noui,

176 1441 292 1495 DIxerat
313 1444 386 1495 entm
407 1443 545 1510 dominus
568 1443 667 1497 Nemo
690 1445 790 1497 mlttit
811 1445 919 1497 uInum
940 1458 1055 1496 nouum
1076 1445 1107 1496 in

175 1528 262 1579 uires
275 1520 410 1580 ueteres.
432 1527 467 1580 Et
480 1528 572 1581 scIatis
586 1528 638 1581 hoc
652 1529 741 1581 fuIsse
754 1528 922 1594 conpletum.
945 1526 1040 1580 Iudaei
1053 1529 1108 1580 stu-

143 1628 167 1665 ss
175 1613 272 1678 pentes
289 1613 316 1664 et
332 1611 417 1679 aliqui
435 1613 513 1679 quasi
530 1612 690 1665 deridentes
706 1611 845 1676 deerunt,
862 1611 1016 1663 nescientes
1033 1610 1109 1677 quod

174 1694 311 1762 deerunt,
335 1695 390 1749 Ilii
411 1699 520 1749 musto
542 1697 629 1764 pleni
652 1698 733 1750 sunt.
764 1694 895 1748 Donante
916 1710 984 1762 ergo
1006 1696 1032 1747 et
1054 1694 1109 1747 dic-

174 1783 249 1834 tante
264 1783 291 1834 et
305 1782 422 1835 docente
437 1783 536 1849 spiritu
551 1785 647 1836 sancto
662 1783 747 1835 locuti
763 1784 828 1834 sunt
843 1781 954 1848 linguis,
969 1796 1037 1849 quas
1053 1797 1108 1834 non
1184 1773 1186 1775 ’

174 1865 337 1920 didicerunt.
368 1866 398 1919 In
417 1869 501 1934 gente
522 1882 572 1919 sua
594 1860 750 1920 didicerant
771 1881 862 1932 unam,
884 1865 1004 1918 forsItan
1025 1862 1107 1918 duas:

174 1950 257 2003 locuti
269 1952 333 2003 sunt
341 1952 440 2017 autem,
452 1951 519 2018 quid
527 1950 660 2017 dicamus
671 1950 760 2003 tribus
769 1950 881 2016 linguis,
893 1951 1018 2016 quatuor,
1031 1950 1108 2016 quiu-

140 2050 233 2101 soque,
256 2035 322 2088 sex?
347 2033 426 2101 ,Quid
448 2036 558 2102 quaeris
580 2034 743 2087 numerum?
771 2033 843 2086 Non
864 2035 938 2086 sunt
959 2033 1107 2100 loquelae

173 2134 273 2186 neque
286 2134 461 2185 sermones,
475 2134 607 2186 quorum
620 2135 682 2171 non
695 2118 869 2171 audiantur
880 2133 975 2171 uoces
988 2134 1106 2172 eorum:

173 2202 258 2256 modo
270 2202 416 2269 psalmum,
427 2218 488 2255 curn
500 2204 665 2268 cantaretur,
679 2203 805 2256 audistis.
827 2202 862 2255 Et
874 2203 927 2269 ipsi
939 2204 1022 2255 occisi
1034 2206 1106 2268 sunt,
1120 2204 1250 2288 Οἷζᾙῐῇζόῒ
1320 2198 1331 2216 ⁹

173 2287 223 2339 sed
233 2286 318 2339 uerba
328 2302 424 2339 eorum
435 2288 537 2354 scripta
548 2288 620 2339 sunt.
638 2285 716 2353 Quid
728 2286 861 2353 fecerunt,
872 2288 918 2354 qui
929 2287 1108 2342 occiderunt?

174 2370 208 2423 In
227 2387 350 2424 omnem
368 2374 485 2423 terram
504 2372 605 2423 exiuit
624 2387 722 2424 sonus
742 2384 857 2424 eorum.
885 2370 945 2424 Nos
965 2372 992 2423 in
1010 2368 1106 2424 rlfrica

140 2472 163 2509 95
172 2457 323 2522 constituti
339 2456 422 2522 longe
435 2455 500 2509 inde
514 2470 634 2508 eramus:
654 2455 702 2507 ubi
716 2471 771 2508 non
786 2457 864 2507 erant
877 2454 1005 2522 loquelae
1018 2469 1106 2522 neque

173 2554 322 2605 sermones
340 2554 457 2605 quorum
474 2555 530 2591 non
547 2539 766 2596 audi<r>entur
781 2554 864 2592 uoces
880 2554 984 2592 eorum.
1013 2537 1107 2605 longe

173 2625 238 2678 Inde
253 2641 370 2692 eramus
387 2625 471 2693 longe
487 2625 652 2692 iacebamus‚
670 2626 753 2693 longe
769 2626 988 2690 dormiebamus;
1008 2625 1058 2679 sed
1077 2627 1107 2678 ut

173 2709 208 2761 de
227 2725 327 2762 somno
346 2711 534 2776 excitaremur,
557 2709 590 2762 ln
610 2726 732 2763 omnem
752 2712 868 2763 terram
888 2711 990 2762 exiuit
1009 2725 1106 2763 sonus

172 2809 288 2860 eorum,
298 2789 350 2863 sset
369 2795 399 2846 in
418 2795 504 2848 fines
523 2794 611 2847 orbis
630 2798 733 2847 terrae
751 2795 849 2847 uerba
868 2809 984 2847 eorum.
1007 2792 1147 2863 Surgeror.
1162 2808 1196 2844 ns

129 2880 224 2945 rnoqui
246 2878 379 2945 dormis,
399 2881 429 2931 et
448 2894 585 2946 exsurge
606 2896 620 2931 a
641 2881 788 2945 mortuiS,
809 2881 839 2931 et
859 2878 1057 2932 illuminabit
1076 2882 1105 2931 te

172 2963 218 3029 qui
239 2962 309 3015 dixit
328 2960 420 3028 Petro,
439 2961 526 3015 ‘Amas
547 2963 609 3016 me?
634 2961 706 3029 ,Quis
726 2963 837 3015 sufficit
856 2963 946 3015 dicere
966 2962 1051 3030 digna
1070 2962 1105 3014 de

173 3045 275 3099 Petro?
294 3044 347 3099 Cui
358 3046 468 3099 suflicit
480 3047 581 3099 dicenti
593 3048 629 3099 de
642 3046 744 3099 Petro?
762 3045 827 3099 SIne
839 3047 1014 3113 contumelia,
1026 3047 1105 3099 beate

173 3129 261 3197 Petre,
281 3131 361 3183 liceat
378 3129 443 3182 mihi
462 3131 605 3197 paululum
623 3133 712 3183 tacere
731 3131 766 3183 de
783 3133 819 3197 te,
838 3132 915 3185 cqus
933 3147 1018 3184 sonus
1036 3133 1105 3184 exci-

171 3215 242 3267 tauit
258 3230 309 3267 me.
333 3213 429 3267 Sermo
446 3230 523 3267 meus
540 3231 596 3267 non
615 3216 707 3282 potest
723 3215 774 3267 tibi
791 3218 1024 3269 tantumuacare:
1049 3231 1104 3268 non

129 3299 249 3352 rossolus
265 3299 349 3352 hodie
364 3314 462 3366 passus
479 3315 520 3352 es:
543 3315 572 3352 es
589 3300 700 3366 quidem
717 3300 910 3367 apostolorum
926 3302 1038 3368 primus,
1054 3300 1105 3354 sed

170 3400 263 3437 comes
282 3385 332 3437 tibi
350 3385 449 3437 meruit
466 3399 527 3436 esse
545 3385 722 3437 nouissImus.

1072 3504 1107 3557 89
