2819 4040
621 354 640 392 S.
654 354 759 403 Augustini
772 355 864 394 tractatus

293 497 330 534 ex
348 479 470 543 auditu,
492 479 623 532 auditus
642 480 746 531 autem
766 495 822 546 per
840 479 968 532 uerbum
988 474 1120 530 Christi.
1146 473 1226 528 Chri·
1236 489 1258 526 15

293 567 365 618 stum
380 564 525 617 dominum
541 565 569 617 in
585 579 666 617 came
682 563 754 617 uidit
773 564 883 632 Iudaea,
900 565 997 632 gentes
1013 577 1069 614 non
1084 560 1226 624 uiderunt;

293 651 319 702 et
339 650 431 701 tamen
451 664 507 702 non
527 649 656 701 uidentes
677 649 825 703 audierunt
846 652 874 703 et
893 647 1076 712 crediderunt,
1097 645 1226 698 uidentes

291 734 497 786 contemserunt
511 735 539 786 et
553 733 721 787 occiderunt.
744 733 806 787 Nos
821 751 889 803 ergo
904 747 1011 789 eramus
1027 731 1156 797 audituri,
1171 745 1227 783 non

213 818 390 882 f01.⁵³uisuri;
413 812 568 888 seruantur
585 819 677 871 autem
695 817 777 870 nobis
796 819 877 886 uisi0,
896 820 927 873 ut
944 815 1019 886 quod
1037 814 1123 868 modo
1139 813 1226 867 credi-

291 917 361 968 mus,
380 903 407 955 in
425 902 484 955 fine
502 902 605 956 saeculi
622 902 776 956 uideamus.
802 903 864 957 Nos
882 920 950 971 ergo
967 899 1148 970 praeuidebat
1165 902 1225 966 ipse
1234 914 1259 951 ao

291 986 431 1053 dominus,
456 986 569 1054 quando
591 988 619 1039 in
644 985 790 1053 prophetia
814 987 936 1042 dicebat:
968 984 1110 1053 Populus
1135 999 1225 1051 quem

291 1086 354 1123 non
370 1071 521 1137 cognoui,
538 1072 675 1124 seruiuit
691 1070 779 1135 mihi3
799 1086 881 1139 quem
896 1071 1017 1139 cognoui
1033 1069 1134 1122 restitit
1149 1067 1225 1134 mihi,

292 1169 372 1221 quem
390 1169 446 1207 non
463 1157 583 1221 cognoui
601 1155 716 1208 seruiuit
734 1153 809 1209 mihi.
835 1154 918 1209 Unde
936 1158 1027 1209 autem
1043 1153 1094 1207 tibi
1111 1153 1226 1206 seruiuit

290 1238 412 1305 populus
427 1254 508 1306 quem
521 1255 577 1293 non
590 1239 757 1306 cognouisti,
772 1240 866 1306 idest,
880 1240 924 1293 cui
938 1240 1122 1307 praesentiam
1135 1237 1225 1290 carnis

290 1324 355 1375 tuae
373 1339 430 1376 non
447 1323 605 1389 exhibuisti,
624 1338 741 1390 quorum
759 1323 848 1377 oculis
866 1325 1006 1378 cicatrices
1023 1325 1085 1377 tuas
1104 1323 1168 1389 post
1185 1337 1226 1375 re·
1233 1335 1258 1373 25

291 1409 489 1461 surrectionem
505 1425 561 1461 non
574 1407 734 1474 ostendisti,
748 1408 823 1461 unde
836 1408 889 1461 tibi
903 1409 1037 1462 seruiuit?
1058 1407 1186 1475 Sequere,
1200 1408 1227 1460 et

292 1491 384 1545 audis:
411 1491 445 1545 ln
462 1493 619 1546 obauditu
638 1493 724 1546 auris
741 1492 913 1546 obaudiuit
931 1493 1015 1546 mihi.

351 1577 377 1630 2.
398 1575 488 1629 Dicite
505 1592 572 1644 ergo
590 1579 617 1628 et
635 1591 698 1630 uos:
724 1575 789 1629 Non
807 1591 957 1644 possumus
975 1575 1051 1644 quod
1069 1574 1225 1629 audiuimus

292 1676 349 1713 non
370 1659 446 1728 loqui
465 1664 492 1714 et
511 1659 670 1727 praedicare
690 1660 834 1714 dominum
855 1659 1007 1714 Christum.
1032 1658 1159 1726 „Quisque
1178 1658 1225 1712 ubi

138 1754 207 1792 Quisque
219 1755 244 1811 un
255 1763 283 1791 ro-
293 1745 388 1810 potest
401 1744 549 1812 praedicet,
562 1745 590 1797 et
603 1744 706 1810 martyr
719 1745 770 1796 est.
790 1742 953 1811 Aliquando
968 1743 1059 1796 autem
1072 1742 1156 1796 homo
1170 1758 1226 1795 non
1234 1758 1259 1796 ao

138 1804 397 1894 1e⁵tnpa‘rhssss'ss‘i.“patitur
416 1829 643 1895 persecutionem,
663 1829 690 1879 et
709 1828 787 1881 timet
806 1826 1010 1881 confusionem.
1037 1814 1166 1893 Contigit
1185 1825 1226 1878 illi

291 1913 444 1978 conuiuari,
463 1912 540 1965 uerbi
558 1912 656 1979 gratia,
676 1913 747 1965 inter
766 1927 902 1979 paganos,
922 1914 949 1964 et
967 1910 1104 1964 erubescit
1122 1926 1152 1963 se
1171 1910 1226 1963 dici

292 1995 491 2050 Christianum.
516 1995 544 2048 Si
563 1997 721 2063 expauescit
738 1998 956 2062 conuiuatorem,
975 1995 1117 2063 quomodo
1134 1996 1227 2062 potest

290 2081 467 2133 contemnere
487 2081 709 2148 persecutorem?
735 2080 897 2134 Praedicate
917 2095 984 2147 ergo
1005 2078 1157 2146 Christum,
1177 2078 1225 2133 ubi

291 2165 447 2230 potueritiS,
466 2163 565 2231 quibus
584 2165 739 2231 potueritis,
758 2163 900 2231 quomodo
918 2164 1074 2230 potueritis.
1100 2162 1257 2229 Exigituras

291 2265 307 2299 a
324 2247 407 2300 uobis
425 2247 509 2315 tides,
528 2265 584 2301 non
602 2247 773 2316 eloquentia:
798 2247 873 2301 tides
890 2248 926 2301 de
943 2248 1026 2301 uobis
1044 2247 1181 2315 loquatur,
1199 2248 1227 2299 et

292 2331 422 2385 Christus
439 2332 568 2399 loquitur.
587 2330 615 2384 Si
631 2333 703 2385 enim
718 2334 760 2385 est
775 2334 802 2386 in
817 2332 899 2386 uobis
914 2331 997 2398 fides,
1012 2331 1118 2384 habitat
1133 2332 1160 2384 in
1177 2345 1225 2384 uo·

290 2414 334 2467 bis
354 2414 491 2469 Christus.
511 2414 639 2468 Audistis
657 2415 806 2483 psalmum:
827 2414 975 2481 Credidi,
993 2414 1226 2483 propterquod

291 2499 419 2552 locutus
434 2514 508 2552 sum.
529 2499 593 2553 Non
607 2501 699 2566 potuit
711 2500 830 2566 credere,
845 2501 872 2552 et
884 2500 1081 2553 obmutescere.
1098 2497 1225 2566 Ingratus

145 2611 234 2659 ¹¹¹³l⁵⁰f
254 2585 334 2635 mest
356 2582 489 2650 implenti,
512 2584 558 2650 qui
580 2599 636 2636 non
658 2582 763 2636 fundit:
792 2599 847 2650 quo
870 2586 986 2651 quisque
1007 2599 1074 2650 ergo
1095 2585 1258 2650 impletusro

163 2659 274 2731 e¹¹{,',¹}'‚”⁰¹¹
291 2667 385 2733 fuerit,
403 2666 486 2720 dehet
502 2667 628 2721 tundere.
652 2667 729 2720 Talis
747 2669 820 2720 enim
838 2668 865 2720 in
883 2668 932 2720 illo
950 2668 1070 2720 nascitur
1086 2666 1161 2734 tons,
1179 2667 1224 2735 qui

290 2750 410 2804 tundere
429 2753 515 2818 nouit,
533 2753 634 2804 siccare
652 2767 708 2805 non
727 2753 817 2805 nouit:
841 2751 912 2804 F-iet
929 2752 960 2804 in
978 2767 1014 2804 eo
1032 2751 1107 2804 tons
1126 2767 1224 2819 aquae

290 2836 442 2889 salientis
466 2838 496 2889 in
518 2838 615 2890 uitam
639 2839 809 2890 aeternam.
836 2834 930 2889 Securi
954 2838 1026 2889 enim
1049 2834 1223 2903 praedicatis

290 2921 355 2987 quia
374 2936 430 2973 non
449 2922 602 2973 mentimini
620 2922 656 2974 de
675 2921 755 2975 tonte
773 2923 910 2974 ueritatis:
931 2922 1083 2988 accepistis,
1103 2920 1178 2988 quod
1197 2922 1225 2973 in

289 3005 385 3072 lingua
397 3006 519 3058 ructatis
538 3004 609 3058 Nam
621 3007 644 3069 si
656 3005 691 3059 de
703 3007 798 3058 uestro
810 3005 900 3059 dicere
912 3005 1065 3071 uolueritis,
1077 3005 1223 3058 mendaces
1232 3020 1256 3056 45

289 3090 378 3154 eritis3
402 3089 455 3141 hoc
473 3089 540 3141 dicit
559 3090 618 3157 ipse
637 3090 773 3157 psalmus:
798 3089 866 3158 Ego
885 3090 953 3142 dixi
973 3092 1003 3143 in
1023 3090 1126 3142 extasi
1145 3105 1223 3155 mea,

290 3172 404 3226 Omnis
424 3172 518 3225 homo
537 3174 677 3226 mendax.
703 3172 782 3240 Quid
802 3175 852 3240 est,
873 3175 963 3227 omnis
983 3173 1066 3226 homo
1086 3172 1224 3226 mendax?

289 3255 390 3309 Omnis
408 3254 501 3309 lldam
518 3256 644 3310 mendax.
668 3256 787 3325 Expolia
804 3260 832 3310 te
850 3255 949 3323 Adam,
968 3259 995 3309 et
1012 3256 1127 3309 induere
1144 3254 1224 3308 Chri-

290 3342 371 3407 stum,
390 3342 417 3393 et
434 3356 490 3392 non
509 3340 562 3392 eris
581 3341 706 3394 mendax.
731 3339 884 3394 Sufficiant
900 3340 1007 3393 caritati
1025 3342 1142 3404 uestrae,
1161 3340 1224 3406 quia

175 3404 251 3474 “affl
289 3424 376 3477 multa
391 3424 500 3493 agenda
515 3426 588 3477 sunt.
853 3466 854 3471 κ
1000 3491 1002 3494 ἢ
1231 3436 1256 3473 so

289 3558 323 3610 72
